3706 5686
616 776 665 832 DE
684 775 869 833 PLATONE
894 775 1056 833 mislco.
1332 781 1361 840 u

321 954 452 1024 tamus
486 947 585 1041 iter,
620 945 908 1026 admoveamus
942 946 1133 1042 artificia,
1173 947 1358 1043 insidias,

316 1098 545 1206 jucundum
574 1126 869 1206 componamus
891 1128 982 1179 eum
1007 1100 1200 1197 honesto,
1222 1101 1359 1181 callidi

320 1251 469 1330 medici
499 1253 629 1330 instar
662 1253 734 1360 qui
767 1251 994 1332 remedium
1032 1251 1150 1331 melle
1181 1253 1358 1359 inungit.

319 1403 525 1482 Virtutem
554 1401 753 1511 praedieat
784 1404 1078 1512 philosophus,
1106 1403 1181 1484 sed
1205 1405 1360 1484 vultum

322 1556 551 1662 graviorem
564 1555 709 1652 habet3
731 1556 887 1636 ariidet
898 1568 1038 1664 poeta,
1053 1557 1177 1636 flores
1193 1556 1264 1636 dat
1279 1585 1360 1636 ma·
1508 1603 1512 1610 ·

320 1711 441 1789 nibus
461 1710 606 1817 plenis,
629 1707 761 1788 Omne
784 1709 888 1789 seret
919 1718 1117 1818 puuctum
1133 1712 1362 1818 juventutis

321 1865 397 1942 iste
418 1863 618 1943 educator
638 1864 723 1971 qui,
750 1863 846 1942 dum
863 1864 1088 1970 jucundum
1112 1865 1245 1944 solum
1270 1893 1365 1972 pro·

321 2018 439 2124 sequi
482 2016 662 2112 videtur,
704 2017 858 2097 bonum
904 2018 1066 2098 obtinet
1105 2027 1147 2097 et
1190 2019 1362 2097 Veneris
1430 2053 1435 2064 ·

320 2170 463 2277 lepore
485 2170 678 2248 Minervae
699 2171 954 2276 majestatem
975 2181 1244 2251 consummat.
1358 2254 1362 2259 ,

375 2321 478 2424 Quis
511 2330 647 2401 autem
681 2323 760 2401 erit
784 2315 1009 2430 voluptatis
1037 2323 1145 2402 illius
1180 2325 1365 2414 arbiter?

321 2475 430 2555 Civis
455 2474 658 2582 quilibet?
683 2503 731 2554 ex
752 2475 942 2554 omnibus
967 2478 1105 2555 unus?
1133 2476 1178 2555 Si
1207 2506 1274 2556 res
1305 2479 1363 2558 ita

321 2657 410 2706 sese
437 2627 577 2722 habet,
603 2628 660 2706 nil
698 2629 777 2707 erit.
809 2629 951 2708 civitas
980 2629 1059 2708 uisi
1091 2630 1280 2710 confusio
1316 2661 1362 2710 ao

320 2781 531 2869 tumultus.
551 2779 703 2860 Trahet
718 2810 834 2859 suum
853 2783 1057 2890 quemque
1076 2783 1256 2862 studium
1272 2815 1280 2876 ;
1295 2784 1361 2863 hie

321 2943 459 3013 curret
474 2933 526 3012 ad
543 2933 791 3042 rhapsodos,
806 2935 873 3012 ille
892 2935 1063 3013 chorum
1076 2937 1275 3042 instruet3
1293 2939 1362 3016 alii

321 3087 535 3194 tragoedia
561 3088 629 3165 alii
658 3087 862 3166 comoedia
880 3086 1219 3184 delectabuntur;
1244 3091 1363 3197 pueri

321 3239 1362 3350 audientcirculatores‚saeculariam(Leq.‚u‚658.)
1400 3248 1405 3266 '

321 3392 466 3500 Neque
478 3393 653 3500 quisque
667 3394 710 3472 in
725 3391 898 3472 libidine
914 3401 1075 3501 perget,
1086 3393 1160 3473 sed
1172 3393 1361 3502 quotidie

320 3572 450 3623 novus
469 3544 637 3654 quidam
648 3544 769 3624 ludus
781 3554 992 3652 poscetur.
1008 3546 1135 3654 Equa
1146 3547 1360 3642 varietate,

320 3704 366 3775 ut
391 3697 626 3776 stomachus
653 3726 824 3778 numero
854 3707 896 3778 et
921 3700 1149 3779 mutatione
1175 3699 1363 3792 ciborum

320 3858 507 3956 aegrotat,
536 3851 651 3930 brevi
677 3860 870 3932 nascetur
890 3853 932 3930 in
964 3853 1127 3932 civitate
1149 3851 1361 3932 fastidium

321 3999 585 4108 taediumque.
609 4002 816 4111 (Leq.,v11‚
833 4005 1041 4112 797-798.)

373 4154 540 4234 Judices
567 4155 687 4236 eruut
714 4160 876 4264 poetae?
903 4156 987 4237 Sed
1014 4158 1171 4237 bonum
1204 4187 1226 4237 e
1254 4158 1361 4237 malo

322 4305 549 4414 dijudicare
567 4308 756 4387 nesciunt
769 4308 968 4417 (Leq.,vu‚
980 4310 1094 4417 801);
1113 4309 1222 4404 dein,
1236 4338 1362 4417 quum

322 4457 423 4536 nihil
443 4459 521 4537 nisi
541 4459 708 4566 plausus
727 4469 893 4567 captare
917 4461 1100 4568 cupiant,
1125 4459 1219 4540 rudi
1237 4461 1363 4568 impe-
