3706 5686
654 759 703 814 DE
725 760 913 817 PLATONE
937 765 1099 822 musico.
1362 772 1396 824 25

356 933 412 1040 (ut
424 931 452 1040 ²)
479 960 539 1026 12,
568 939 714 1038 quarta
744 931 814 1040 (a)
841 934 880 1025 8,
905 937 1048 1043 quinta
1076 937 1161 1046 (rol)
1189 969 1228 1046 9.
1259 939 1393 1040 Quum

355 1093 490 1164 autem
535 1084 678 1191 quinta
720 1095 907 1192 quartam
948 1100 1048 1168 tono
1084 1119 1165 1170 uno
1204 1091 1404 1186 excedat*

354 1256 478 1324 tonus
496 1246 595 1323 :8
619 1275 627 1323 :
651 1274 691 1351 9,
714 1246 797 1324 sive
818 1205 840 1376 ἓ
858 1250 1018 1358 (ἐπόγδοος
1037 1252 1157 1360 λόγος).

408 1406 519 1509 Quid
545 1407 688 1514 plura?
708 1407 866 1506 Quarta
894 1411 977 1491 sive
998 1414 1295 1494 tetrachordon
1315 1416 1392 1523 (ut-

349 1571 408 1678 sa)
438 1529 508 1710 (ζ)
531 1577 692 1648 constat
719 1567 882 1650 duobus
908 1575 1016 1653 tonis
1037 1575 1166 1684 (ut-re,
1191 1576 1325 1686 ref-mi)
1352 1587 1403 1656 et'

352 1731 579 1810 hemitonio
595 1729 748 1838 (mi-fa).
768 1733 892 1814 {lt-mi
911 1735 1093 1816 ditonern
1116 1739 1398 1846 amplectitur,'

353 1891 395 1972 id
414 1901 477 1972 est
493 1892 557 1971 bis
570 1849 609 2023 Ξ,
623 1849 750 2021 serug
766 1890 902 1996 (tertia
918 1895 1077 2001 major).
1093 1894 1136 1974 Si
1149 1896 1252 1976 hanc
1264 1926 1397 2005 aequa-

354 2093 509 2172 tionem
532 2117 624 2168 cum
649 2048 672 2218 Ξ
693 2088 924 2195 aequatione
947 2090 1178 2197 componis,
1198 2089 1395 2169 differen-

353 2256 466 2348 tiam,
510 2251 668 2330 scilieet
692 2250 978 2345 hemitonium,
1015 2252 1203 2349 habebis,
1237 2253 1392 2362 quippe

349 2375 429 2547 {i}
551 2425 553 2434 ,

405 2580 438 2658 Ε
477 2580 628 2688 quibus
662 2577 886 2659 intervallis
923 2577 1056 2654 omnis
1089 2575 1391 2654 diatonieorum

352 2732 570 2812 modorum
591 2734 717 2812 series
738 2731 1004 2839 sequebatur.
1029 2728 1093 2808 Sit
1108 2757 1185 2836 pro
1202 2727 1391 2834 exemplo

352 2884 518 2966 doricus
539 2885 686 2965 modus
707 2885 807 2993 (mi),
831 2883 1006 2962 habebis
1035 2911 1043 2960 :

390 3128 435 3189 mi
496 3129 529 3190 fa
610 3129 659 3189 sol
740 3127 772 3188 la
853 3127 880 3188 si
1002 3131 1039 3187 ut
1160 3144 1194 3188 re
1276 3125 1321 3186 mi
1459 3147 1464 3154 ·

438 3238 498 3329 ΕΘ
559 3239 580 3328 ἓ
688 3240 708 3328 9
801 3239 822 3328 9
908 3237 972 3327 359
1087 3237 1108 3326 ἓ
1230 3237 1254 3327 ἓ

440 3337 497 3394 243
561 3338 579 3394 8
689 3337 707 3394 8
803 3337 822 3393 8
914 3336 973 3392 ⁴243
1086 3336 1104 3392 8
1227 3337 1245 3394 8

402 3567 494 3646 Utri
529 3566 691 3646 familiae
728 3580 921 3647 ἁκουστικῶν
964 3566 1083 3646 Plato
1124 3566 1269 3646 faverit
1303 3596 1385 3646 non

347 3719 582 3825 ambiguum
611 3732 688 3799 est.
717 3720 836 3798 Tota·
857 3719 1047 3799 doctrina
1077 3719 1128 3798 de
1166 3720 1389 3799 intervallis
1464 3755 1470 3776 =

347 3901 436 3980 quae
454 3873 495 3949 in
517 3873 661 3952 Timaeo
679 3872 916 3951 continetur
937 3872 1247 3979 pythagoricum
1269 3873 1388 3980 plane

344 4023 518 4131 redolet,
541 4024 665 4102 immo
689 4024 789 4102 nihil
819 4022 931 4103 aliud
952 4033 1014 4104 est
1044 4053 1165 4132 quam
1189 4024 1389 4132 pythago-

254 4215 259 4222 ·
345 4179 438 4257 rieae
466 4178 693 4286 discipliuae
729 4179 1022 4258 commentatio
1058 4188 1181 4286 atque
1219 4179 1392 4286 amplifi-

348 4333 471 4411 catio.

400 4471 805 4558 Ut'celeberrimum
841 4477 956 4555 illum
986 4477 1122 4556 locum
1153 4475 1290 4581 (rim,
1321 4475 1388 4584 35)
