3706 5686
648 795 697 849 DE
721 795 907 853 PLATONE
930 799 1093 856 MUSICO.
1358 806 1391 856 53

407 967 620 1072 Significat
640 974 721 1071 ᾅδειν
742 975 783 1045 et
797 984 912 1075 κρούειν
929 998 1012 1048 non
1030 969 1173 1074 eedem
1189 1000 1293 1068 esse,
1307 1001 1391 1051 non

352 1122 496 1202 eadem
515 1151 636 1202 voces
655 1130 697 1202 et
717 1151 884 1230 organa.
909 1125 1086 1205 Necesse
1114 1136 1177 1206 est
1201 1135 1392 1207 cantores

353 1278 592 1370 concinant;
625 1277 962 1386 homophoniam‚
996 1279 1038 1359 id
1080 1293 1143 1360 est
1175 1282 1390 1360 unisonum

352 1439 394 1510 et
413 1440 611 1526 octavam,
640 1447 661 1520 ἡ
686 1436 753 1530 ᾠδὴ
782 1433 1067 1513 tantummodo
1093 1435 1220 1514 novit.
1255 1435 1389 1535 Quum

352 1593 487 1664 autem
513 1613 591 1664 vox
620 1613 711 1664 cum
735 1585 892 1665 cithara
921 1587 986 1666 vel
1015 1588 1132 1684 tibia,
1159 1589 1242 1666 sive
1264 1618 1392 1697 quum

349 1753 475 1847 ὄργανον
510 1738 707 1847 quodque
748 1767 839 1818 cum
868 1753 985 1848 ὀργάνῳ
1020 1741 1150 1820 altero
1185 1743 1386 1838 concinit,

349 1891 428 1970 alia
472 1891 682 1971 intervalla
714 1906 862 1999 ον’ρριονοι
904 1922 975 1972 seu
1017 1899 1159 2001 διιίρωνοι
1200 1893 1387 1974 adhiberi

350 2053 522 2152 queunt.

402 2196 1194 2309 Etplerumqueadhibebanturquippe
1208 2230 1254 2280 ca
1268 2201 1387 2280 Plato

350 2378 434 2430 non
453 2347 689 2428 adhibenda
709 2377 798 2428 esse
815 2351 1033 2430 existimat.
1054 2351 1177 2460 (Leq.,
1195 2381 1262 2451 vn,
1275 2352 1388 2461 812.)

356 2551 358 2553 -
394 2509 519 2574 Τούτων
537 2506 637 2574 τοίνυν
656 2501 705 2576 δεῖ
717 2507 808 2600 χοίριν
830 2515 896 2584 τοῖς
919 2508 1062 2604 φθόγγοις
1085 2518 1144 2587 τῆς
1171 2511 1265 2604 λύρας
1291 2535 1388 2604 προσ-

345 2662 477 2753 χρῆσθαι
491 2659 656 2754 σαφηνείας
670 2662 758 2728 ἕνεκα
777 2672 838 2727 τῶν
854 2655 985 2755 χορδῶν,
1006 2665 1061 2730 τόν
1080 2690 1114 2731 τε
1133 2659 1313 2757 κιθαριστὴν
1332 2664 1388 2760 καί

347 2815 400 2881 τὸν
414 2806 645 2906 παιδευόμενον,
667 2805 875 2892 ἀποδιδόντας
893 2809 1072 2908 πρόσχορδα
1085 2814 1128 2883 τὰ
1142 2818 1304 2911 φθέγματα
1322 2825 1387 2896 τοῖς

346 2967 509 3061 φθέγμασι·
537 2959 596 3041 τὴν
630 2958 661 3032 δ’
691 2967 890 3062 ἑτεροφωνίαν
917 2967 973 3035 καὶ
994 2976 1153 3036 ποικιλίαν
1183 2978 1240 3048 τῆς
1270 2971 1382 3062 λύρας,

347 3115 429 3185 ἄλλα
448 3119 500 3212 μὲν
516 3122 594 3212 μέλη
614 3133 676 3186 τῶν
696 3115 817 3213 χορδῶν
836 3121 946 3204 ἱεισῶν,
970 3119 1055 3190 ἄλλα
1076 3114 1110 3189 δὲ
1129 3132 1184 3190 τοῦ
1208 3117 1266 3198 τόν
1282 3129 1384 3217 μελῳ·ι

345 3263 415 3338 δίαν
450 3265 604 3350 ξυνθέντος
622 3283 768 3358 ποιητοῦ,
790 3280 846 3341 καὶ
872 3267 911 3350 δὴ
941 3274 996 3342 καὶ
1021 3277 1202 3351 πυκνότητα
1233 3277 1387 3370 μανότητι

342 3425 396 3492 καὶ
413 3429 512 3518 τύιχος
537 3417 712 3518 βραδυτῆτι
730 3433 786 3494 καὶ
809 3420 949 3504 ὀξύτητα
974 3430 1129 3524 βαρύτητι
1149 3423 1310 3523 ξύμφωνον
1329 3431 1386 3497 καὶ

345 3577 517 3678 ἀντίφωνον
535 3583 802 3673 παρεχομένους...

397 3717 509 3824 Ergo
531 3746 614 3796 non
641 3717 774 3797 solum
802 3720 1099 3828 polyphoniam
1122 3723 1320 3818 vocalem,
1343 3735 1389 3803 ut

347 3899 489 3950 omnes
508 3872 667 3979 antiqui
697 3873 857 3968 musici,
881 3873 955 3952 sed
981 3883 1023 3953 et
1049 3877 1285 3982 organicam
1300 3876 1389 3983 phi-

345 4025 545 4132 losophus
566 4025 828 4105 condemnat.
847 4032 1048 4134 Πρόοχορδοι,
1063 4056 1146 4108 non
1160 4044 1218 4110 ὑπὸ
1229 4036 1287 4117 τὴν
1303 4035 1387 4128 ᾠδὴν

342 4193 458 4284 κρούειν
481 4205 648 4257 necesse
671 4177 939 4286 est(ve1‘bum
959 4195 1018 4261 ὑπὸ
1040 4209 1124 4259 non
1152 4179 1204 4260 ad
1224 4189 1388 4260 cantum

346 4331 494 4410 attinet
519 4330 591 4438 qui
622 4332 881 4438 superiorem
914 4342 1072 4439 partem
1105 4341 1291 4440 usurpat,
1315 4333 1388 4413 sed

345 4481 397 4561 ad
424 4482 590 4562 modum
616 4485 809 4591 quoteni
831 4484 1271 4592 scribebantue);lyrae
1294 4501 1388 4594 φθέγ-
