3706 5686
510 733 542 790 t'8
807 732 855 786 DE
878 733 1062 789 PLATONE
1085 735 1246 792 Musica.

561 905 681 984 Dicet
697 905 843 1012 aliquis
868 933 883 981 :-
899 933 987 1012 quae
1003 915 1128 1012 poeta
1148 935 1249 984 unus
1262 905 1325 984 vel
1341 905 1537 983 maximus

506 1057 683 1152 admisit,
714 1086 761 1136 ea
789 1085 867 1164 pro
891 1057 1053 1162 generis
1085 1057 1213 1164 ipsius
1244 1057 1350 1136 vitiis
1383 1057 1538 1136 habere

502 1239 592 1316 non·
620 1239 779 1318 aequum
819 1218 894 1290 cst.
921 1207 1038 1316 Ergo
1065 1239 1166 1318 epos
1202 1211 1534 1318 introspiciamus

501 1363 649 1470 ipsum,
681 1364 772 1470 quis
798 1363 1011 1472 qualisque
1031 1363 1155 1444 suerit
1187 1364 1359 1472 quisque
1397 1364 1536 1471 epico-

500 1545 587 1594 rum
609 1524 745 1596 vatum
767 1516 1033 1623 negligamus,

553 1670 733 1748 Primum
749 1697 849 1776 epos
867 1697 994 1775 genus
1006 1698 1094 1750 esse
1109 1670 1277 1748 mixtum
1292 1669 1537 1750 adulterum-

496 1851 575 1929 que
599 1831 726 1929 patet,
752 1821 822 1900 ubi
848 1820 979 1900 forma
999 1821 1203 1900 narrative
1227 1851 1317 1900 cum
1338 1821 1535 1901 imitativa

496 1973 724 2068 contendit,
745 2003 880 2081 quam,
903 1975 976 2052 etsi
996 1974 1145 2053 habeat
1166 1975 1336 2053 multum
1356 1974 1534 2060 delecta-

495 2127 634 2222 tionis,
654 2129 738 2234 jam
755 2127 928 2232 vidimus
951 2126 1216 2234 rejiciendam
1234 2156 1338 2206 esse.

546 2279 595 2358 Id
623 2280 792 2388 insuper
822 2279 940 2386 epico
968 2280 1135 2358 carmini
1163 2279 1440 2386 objiciendum
1471 2290 1533 2358 est

492 2429 606 2538 quod
632 2431 793 2510 musicae
820 2412 861 2509 et
891 2459 1068 2538 poeseos
1091 2431 1424 2537 conjunctionem
1447 2430 1531 2510 dis-

492 2584 774 2692 solvat,qua1n
796 2584 914 2663 Plato
936 2613 1074 2690 graecae
1097 2584 1194 2662 artis
1216 2584 1462 2692 principium
1485 2614 1530 2664 ac

491 2736 647 2816 sontem
665 2766 753 2816 esse
778 2737 1013 2816 arbitratur.
1034 2737 1153 2844 (Lep,
1174 2766 1241 2832 vu,
1267 2736 1376 2844 810.)

503 2935 510 2950 ·
546 2889 676 2990 Quam
711 2891 1020 2996 congruentiam
1051 2897 1096 2968 ut
1131 2889 1419 2995 intelligamus
1456 2919 1528 2970 ne·

491 3071 603 3121 cesse
635 3053 697 3122 est
724 3043 1000 3122 recentiorum
1025 3042 1343 3122 consuetudines
1369 3044 1528 3150 opinio-

402 3197 405 3204 ’
490 3225 644 3306 nesque
675 3225 881 3276 exuamus.
915 3195 1020 3276 Sunt
1053 3195 1163 3303 apud
1196 3225 1269 3274 nos
1300 3197 1452 3276 musica
1487 3207 1528 3278 ct

490 3351 628 3458 poesis
650 3350 819 3430 diversae
845 3359 976 3445 artes;
1007 3349 1211 3429 interdum
1232 3350 1340 3429 inter
1366 3379 1408 3429 se
1430 3359 1547 3432 eon?

490 3513 659 3584 currunt
689 3511 730 3583 et
755 3503 1008 3598 coalescunt3
1045 3510 1108 3581 est
1136 3503 1207 3582 ubi
1243 3533 1416 3612 quaequc
1450 3533 1526 3611 per

490 3687 532 3737 se
560 3658 680 3737 valet.
711 3655 911 3765 Equidem
944 3683 1108 3734 sorores
1138 3664 1246 3751 sunt,
1281 3655 1352 3734 sed
1376 3657 1523 3764 saepius

490 3821 532 3892 ut
559 3812 745 3891 Eteocles
780 3840 825 3890 ae
845 3810 1061 3917 Polynices
1086 3809 1231 3888 fratres
1251 3818 1383 3927 erant,
1410 3839 1522 3908 soro·

487 3995 552 4045 res
588 3965 774 4043 inimioae.
805 3955 928 4065 Quod
967 3970 1054 4042 erat
1081 3961 1190 4069 apud
1216 3963 1380 4042 Graecos
1400 3964 1521 4074 longe

486 4147 616 4200 secus.
658 4118 791 4219 Quum
828 4118 913 4196 haec
949 4117 1183 4213 verborum,
1220 4117 1287 4195 illa
1327 4145 1520 4197 sonorum

485 4297 653 4381 operam
677 4280 836 4379 poscat,
864 4269 906 4349 id
937 4270 1076 4350 saltem
1112 4299 1325 4373 commune
1351 4270 1517 4366 habent,

483 4425 700 4532 longorum
744 4424 900 4504 scilicet
944 4423 1209 4532 breviumque
1263 4433 1516 4532 temporum,
1572 4449 1574 4454 ’
