3706 5686
485 725 519 781 al
781 719 831 773 DE
855 718 1039 776 PLATUNE
1063 719 1224 776 MUSlCO.

539 895 682 1002 Neque
699 890 831 970 solum
855 890 1032 970 calculos
1053 891 1155 971 istos
1176 889 1248 970 sed
1270 897 1311 970 et
1327 919 1392 968 res
1411 891 1519 998 ipsas

483 1077 504 1128 e
524 1045 674 1155 quibus
690 1045 890 1151 originem
909 1043 1078 1140 ducunt,
1097 1044 1253 1124 scilieet
1272 1059 1450 1132 πυκνότητα
1478 1051 1520 1121 et

482 1216 640 1308 μανότητα
667 1201 789 1305 (Lag,
816 1227 883 1294 vn,
915 1199 1023 1303 812),
1054 1198 1172 1278 Plato
1211 1201 1372 1281 videtur
1403 1197 1520 1278 casti-

481 1381 596 1460 gare,
632 1351 709 1430 etsi
745 1378 894 1456 genera
932 1349 1066 1429 omnia
1103 1351 1346 1461 coloresque
1385 1350 1522 1430 Tanai

480 1504 728 1611 diagramma
744 1501 938 1610 patiatur.
959 1501 1083 1603 Quod
1101 1503 1352 1583 chromatico
1378 1501 1518 1610 generi

479 1655 635 1737 alienus
652 1656 705 1735 sit
724 1683 807 1735 non
823 1653 1080 1750 mirabimur3
1098 1656 1140 1735 id
1161 1667 1223 1737 est
1246 1657 1352 1736 enim
1373 1662 1516 1756 ἥδιστον,

476 1827 679 1918 γοερώτατον,
702 1783 950 1915 πᾷθητικώτερον
974 1809 1225 1918 (Anonymttt.
1253 1799 1513 1908 Bellermtmm

478 1964 557 2068 26).
606 1961 847 2068 Philosophi
889 1969 1024 2040 autem
1067 1963 1379 2070 repugnantiam
1422 1990 1517 2068 erga

478 2113 809 2204 enharmonicum
829 2115 960 2194 minus
978 2115 1256 2221 intelligimus²
1272 2115 1383 2224 quod
1397 2127 1518 2222 ἄριστον

477 2267 605 2346 totius
617 2265 873 2375 antiquitatis
888 2267 1095 2368 testimoni
1102 2295 1125 2345 0
1142 2267 1385 2350 habebatur.
1400 2267 1518 2376 (Aris-

476 2421 544 2500 tid.
562 2421 734 2518 Quintil„
752 2447 792 2527 p.
821 2421 899 2526 19.)
918 2419 1124 2516 Forsitan,
1140 2429 1286 2528 utpote
1309 2427 1518 2528 ἀκριὸἐστερον

476 2571 664 2679 longiora
682 2572 818 2653 studia
832 2574 958 2680 exigit
971 2603 1090 2683 quam
1109 2604 1198 2684 quae
1211 2574 1514 2654 adolescentem

476 2726 696 2834 ingenuum
718 2725 880 2823 decent,
902 2729 1184 2836 s'aepiusetiam
1197 2757 1287 2808 cum
1300 2747 1406 2820 αὐλοῖς
1423 2757 1517 2814 eon-¹

476 2879 669 2959 sociatur.
689 2880 878 2989 Denique
896 2881 1095 2961 novitium
1113 2891 1176 2961 est
1195 2881 1374 2991 quodam
1391 2879 1515 2961 modo

476 3034 700 3130 inventum,
735 3062 860 3142 quum
904 3062 986 3113 non
1018 3035 1071 3113 sit
1102 3033 1373 3142 'Polymneste
1411 3035 1516 3114 anti-

477 3185 611 3294 quius.
642 3184 904 3293 (Plutarchum
927 3187 973 3266 de
992 3186 1154 3283 lllzoieu,
1190 3187 1409 3292 Westptalt
1437 3186 1514 3294 vn.)

865 3485 1140 3554 ΣΥΣΤΗΜΑΤΑ

535 3831 553 3871 n
585 3793 645 3876 Ex
664 3796 887 3876 intervallis
911 3804 1135 3876 naseuntur
1154 3804 1434 3904 systemata»,
1458 3797 1516 3876 le·
1573 3771 1579 3785 ⁵

478 3951 609 4058 gimus
643 3949 753 4060 apud
787 3949 1198 4055 Pseudo-Euclidem
1231 3949 1287 4058 (p.
1319 3948 1352 4057 1)
1392 3956 1514 4057 atque
1560 3933 1563 3938 ⁵

476 4103 700 4183 Aristidem
714 4101 1010 4203 Quintilianum
1029 4102 1085 4212 (p.
1111 4103 1185 4210 15),
1204 4102 1261 4182 ita
1276 4109 1321 4181 ut
1338 4109 1515 4209 systema

477 4255 532 4334 nil
561 4254 671 4334 aliud
700 4254 753 4332 sit
778 4283 896 4362 quam
925 4253 1038 4364 quod
1064 4267 1113 4334 ei<
1138 4282 1220 4334 uno
1244 4253 1308 4334 vel
1329 4252 1514 4360 plurimis

477 4408 701 4488 intervallis
725 4416 900 4488 constat.
926 4407 1107 4486 Primum
1131 4407 1311 4488 omnium
1332 4405 1516 4487 ereditur
