3706 5686
621 779 670 834 DE
694 778 878 835 alarona
903 777 1065 833 uuslco.
1346 780 1363 830 7

324 953 425 1042 riter
456 947 572 1031 usum
606 950 756 1045 luisse;
793 979 816 1028 a
839 949 1013 1029 Platone
1039 950 1101 1029 vir
1127 978 1209 1028 non
1231 950 1362 1028 solum

323 1108 365 1184 in
385 1105 554 1200 musica,
571 1103 644 1182 sed
664 1104 786 1182 etiam
804 1104 845 1181 in
861 1103 1009 1182 ceteris
1030 1101 1259 1211 disciplinis
1276 1132 1365 1182 eru·

324 1260 435 1342 ditus
465 1257 688 1353 inducitur,
722 1257 984 1364 dignissimus
1019 1286 1068 1336 ex
1106 1259 1218 1338 omni
1246 1267 1363 1366 parte

324 1413 390 1492 cui
433 1409 717 1490 adolescentes
756 1410 998 1490 instituendi
1040 1412 1361 1492 committantur.

324 1566 438 1644 Illius
460 1572 683 1672 praecepta,
702 1592 725 1642 a
751 1563 955 1671 discipulo
982 1564 1171 1644 Dracone
1190 1564 1361 1660 tradita,

324 1719 492 1826 majoris
502 1715 700 1826 ponderis
715 1716 1042 1797 luissevidentur
1055 1718 1165 1826 apud
1172 1719 1364 1825 juvenem

286 1959 290 1965 „
323 1871 572 1952 Aristoclem
593 1899 715 1979 quam
735 1870 891 1950 Metelli
912 1872 1170 1978 Agrigentini
1189 1873 1260 1979 qui
1280 1900 1364 1950 ma-

324 2053 497 2132 gnorum
540 2023 765 2104 auletarum
805 2033 1037 2103 servaverat
1070 2023 1363 2118 hereditatem,

324 2207 458 2287 coque
476 2178 604 2284 magis
621 2177 662 2255 in
674 2177 809 2256 animo
824 2177 1009 2257 Platonis
1024 2179 1240 2284 viguerunt
1251 2177 1364 2285 quod

323 2330 613 2440 philosophus,
638 2338 734 2438 post
763 2339 938 2410 mortem
966 2330 1148 2410 Socratis
1177 2331 1218 2408 in
1247 2329 1365 2408 ltalia

324 2485 511 2580 exulanS,
550 2483 809 2592 pythagorici
844 2485 1019 2563 Philolai
1056 2512 1184 2591 opera
1220 2511 1365 2590 magna

322 2636 508 2744 impensa
542 2633 795 2742 comparavit
824 2642 865 2713 ct
896 2663 986 2713 cum
1016 2634 1211 2742 Archyta,
1234 2634 1365 2713 Eche-

323 2796 450 2884 crate,
482 2788 651 2882 Timaeo,
679 2785 857 2867 Acrione
888 2788 1025 2894 junxit
1058 2787 1362 2882 commercium,

322 2969 427 3050 quos
450 2939 645 3020 adversus
671 2948 818 3048 postea
843 2969 978 3020 veram
1006 2941 1191 3047 magistri
1214 2939 1367 3020 doctri·

321 3123 414 3174 nam
434 3095 562 3174 tuitus
582 3104 658 3174 est.

377 3247 454 3325 His
474 3247 741 3326 rationibuse
760 3247 946 3326 Platonis
963 3241 1208 3327 educatione
1227 3277 1367 3357 sump-

323 3400 376 3479 tis
401 3399 501 3479 alias
529 3397 682 3478 addere
714 3399 811 3478 licet
840 3429 929 3508 quae
958 3429 1008 3479 ex
1034 3401 1124 3508 ipsa
1150 3401 1238 3507 ejus
1268 3400 1367 3480 doc-

324 3553 434 3632 trina
455 3552 657 3658 originem
684 3551 853 3632 ducunt.

379 3705 479 3783 Esse
506 3702 694 3813 quaedam
715 3714 882 3800 aeterna,
904 3704 1154 3801 inexhausta,
1186 3705 1372 3811 infatiga-

324 3857 425 3939 bilia
441 3886 579 3936 rerum
598 3858 861 3966 exemplaria,
880 3887 1027 3967 nempe
1044 3859 1174 3954 ideas,
1197 3859 1249 3938 ad
1268 3877 1371 3967 quo'-

326 4039 417 4089 rum
446 4009 759 4089 similitudinem
796 4039 1050 4118 quaeeunque
1083 4012 1146 4090 his
1181 4013 1222 4089 in
1252 4011 1374 4090 terris

327 4163 582 4269 percipimus
603 4171 741 4241 creata
769 4163 866 4257 sint,
895 4163 1014 4241 Plato
1040 4163 1176 4260 docet,
1201 4191 1373 4271 quaeque

328 4316 467 4394 omnia
490 4343 513 4393 a
542 4343 733 4422 suprema
765 4314 941 4423 quadam
967 4315 1060 4394 idea
1090 4315 1287 4424 pendent,
1311 4316 1376 4394 eui

330 4466 507 4546 mundus
533 4477 644 4547 totus
664 4467 809 4562 inhiat,
836 4482 873 4548 τὸ
898 4484 927 4547 ἔν
947 4467 1009 4546 vel
1037 4483 1186 4578 τάγαθόν.
1213 4468 1376 4568 Quibus
