3706 5686
484 782 505 836 8>
780 777 830 832 DE
853 777 1039 834 PLATONE
1062 777 1222 834 musico,

486 949 834 1060 appellationibus
897 949 1172 1058 adjiciendum
1230 958 1293 1029 est
1333 965 1369 1032 τὸ
1409 965 1520 1032 καλόν.

263 1121 310 1230 ¹:t
340 1125 351 1167 ’-
463 1121 466 1149 ¹
540 1097 761 1182 Pulchrum
796 1101 903 1181 idem
937 1130 1025 1180 esse
1061 1111 1183 1210 atque
1212 1131 1337 1180 unum
1371 1110 1412 1182 ot
1446 1095 1525 1181 ho-¹

249 1212 275 1252 ἐή
485 1249 660 1351 nestum,
679 1255 721 1332 in
741 1254 927 1362 plurimis
948 1254 1049 1333 locis
1069 1255 1343 1363 philosophus
1361 1256 1519 1334 asserit.

468 1409 606 1572 l(Vide
634 1409 831 1504 Tanaum,
858 1407 907 1485 53
939 1415 980 1486 et
1000 1409 1071 1502 δίῃ
1094 1409 1395 1513 Bempublicam,
1422 1409 1521 1502 5083

486 1563 702 1658 Philebum,
725 1561 776 1640 63
798 1569 838 1639 et
854 1560 1051 1666 64.)Quae
1064 1589 1188 1668 quum
1211 1561 1264 1639 sit
1284 1561 1527 1667 consangui-

487 1716 608 1811 nitas,
634 1714 822 1822 sequitur
852 1713 953 1793 duas
975 1713 1131 1792 homini
1158 1723 1300 1821 patene
1329 1714 1411 1793 vias
1439 1714 1527 1822 qui·

488 1869 602 1950 buse
625 1896 762 1947 renum
784 1867 1040 1946 terrestrium
1064 1866 1236 1974 caligine
1264 1866 1315 1946 ad
1342 1865 1526 1947 idearum

489 2021 620 2101 lucem
648 2020 863 2114 evehatur,
898 2019 1203 2134 philosophiam
1242 2029 1283 2098 et
1311 2019 1525 2122 musicam:

491 2174 677 2282 sequitur
695 2173 880 2280 gradum,
895 2201 1027 2281 neque
1044 2173 1269 2267 minimum,
1289 2182 1416 2252 antem
1438 2200 1528 2250 esse

491 2327 748 2422 dialectices;
777 2325 964 2433 sequitur
989 2327 1139 2432 Hippio
1163 2328 1324 2430 majore,
1354 2325 1528 2424 Phaedra,

491 2482 596 2578 lonc,
612 2480 804 2576 Convicio,
816 2479 948 2586 iisque
960 2479 1193 2584 Republica
1206 2480 1402 2583 ethqum
1414 2477 1531 2556 libris

493 2634 563 2742 qui
591 2632 641 2713 ad
671 2633 865 2712 musicam
896 2641 1098 2740 spectant,
1127 2633 1343 2738 sophistam
1372 2632 1532 2710 Parme-

492 2789 598 2885 nidu,
625 2788 831 2882 Phaedone,
851 2793 948 2881 eto,
971 2786 1249 2880 conroborari,
1273 2783 1425 2864 nedum
1447 2784 1531 2863 dis-

494 2941 670 3020 sentiant
689 2941 749 3018 vel
770 2949 1001 3047 repugnent
1020 2941 1128 3019 intec
1145 2968 1202 3018 se.

549 3093 692 3202 Neque
714 3092 844 3172 solum
863 3106 1069 3200 μεταφυσική,
1091 3100 1136 3170 ut
1156 3092 1212 3170 ita
1232 3090 1379 3184 dicam,
1397 3088 1470 3167 sed
1491 3096 1548 3199 et]

493 3257 601 3341 ἠθική,
616 3245 649 3324 si
663 3245 826 3324 Platoni
843 3244 1061 3340 oredimus,
1079 3244 1241 3323 musicae
1261 3243 1390 3322 virtus
1407 3224 1543 3353 inest..³

459 3471 462 3489 ,
551 3397 758 3500 Optimam
781 3399 1015 3507 reipublicae
1037 3389 1213 3505 effigiem
1238 3395 1460 3477 delineanti
1479 3394 1534 3473 vi-

497 3581 585 3633 su1n
603 3563 666 3632 est
686 3553 849 3632 Platoni
867 3553 978 3659 leges
997 3552 1136 3631 nescio
1162 3551 1261 3660 quid
1283 3577 1372 3630 esse
1402 3548 1533 3628 manci

496 3735 544 3786 ac
566 3707 717 3786 sterilis
745 3707 786 3784 ni
813 3735 948 3785 mones
976 3705 1187 3795 accedant,
1212 3711 1314 3811 'ergo
1339 3711 1533 3812 oportere

492 3863 684 3943 instituta
704 3861 949 3942 educatione
971 3861 1036 3968 adj
1044 3859 1169 3940 uvaci.

554 4017 596 4097 Si
625 4017 676 4097 ad
709 4017 886 4096 hominis
920 4024 1106 4094 naturam
1143 4012 1329 4120 respicis
1360 4011 1463 4090 hanc
1495 4008 1534 4089 vi

500 4171 655 4280 'duplici
672 4181 860 4250 constane
887 4197 1028 4247 omnes
1055 4166 1331 4261 consentiunt,
1361 4189 1535 4270 conpone

409 4364 410 4368 ¹
501 4335 542 4403 et
577 4325 726 4420 animo,
759 4324 800 4401 in
838 4350 1117 4431 quascunque
1137 4328 1275 4428 partes
1303 4318 1427 4398 verba
1459 4317 1537 4394 ista

502 4476 771 4583 accipiuntur.
816 4473 908 4552 Duo
951 4459 1374 4578 igituueducationis
1418 4475 1538 4545 erunt
