3706 5686
598 826 647 880 DE
671 825 855 882 PLATONE
880 825 1041 888 MUSICO.
1308 829 1339 880 19

303 1007 407 1073 θέσεων
445 1003 486 1071 et
515 1005 628 1100 ἅρσεων
659 995 917 1089 divisionem,
944 996 1002 1074 ita
1035 1005 1092 1089 ut,
1124 995 1340 1074 deficiente

305 1146 482 1254 autiquae
514 1148 811 1255 rhythmopoeae
839 1149 1023 1244 scientia,
1052 1156 1234 1226 veterum
1265 1177 1344 1226 me-

307 1298 408 1376 trica
440 1299 561 1378 nobis
594 1329 726 1406 prope
765 1301 936 1405 aenigma
968 1301 1034 1378 sit.
1072 1299 1135 1377 Ab
1169 1329 1346 1408 epopoea

306 1451 450 1530 scissio
469 1463 665 1558 coeperat.
690 1453 893 1559 Tempore
915 1481 997 1558 quo
1023 1447 1190 1559 scripsit
1211 1453 1346 1544 Plato,

303 1601 546 1708 jamdudum
579 1605 669 1682 cani
702 1603 881 1682 desierat
900 1605 1008 1702 Iliae,
1049 1604 1122 1683 sed
1154 1605 1350 1684 recitaba-

309 1763 395 1851 tur;
419 1756 460 1833 iu
488 1755 740 1862 rhapsodurn
765 1755 907 1835 aoedus
928 1757 1103 1851 abierat;
1128 1786 1217 1864 quae
1242 1757 1351 1836 iuve-

310 1908 430 1986 terati
448 1909 574 1987 moris
600 1910 786 2004 mutatio,
813 1937 933 2016 quarn
961 1917 1023 1988 tot
1044 1909 1130 1988 aliae
1152 1917 1267 2022 erant
1293 1940 1352 1988 se-

310 2071 478 2156 cuturae,
504 2062 754 2169 philosopho
773 2063 906 2169 gravis
924 2073 1000 2142 est.

367 2209 524 2321 Neque¹
538 2215 735 2292 recitatur
761 2183 877 2322 epos,
897 2215 971 2294 sed
991 2215 1140 2322 saepius
1167 2216 1318 2321 legitur
1342 2245 1349 2292 :

312 2367 432 2447 uobis
453 2376 588 2445 autern
615 2367 800 2445 Platonis
822 2367 872 2446 de
894 2368 1098 2474 scriptura
1119 2368 1260 2474 opinio
1290 2397 1356 2446 co-

313 2520 425 2625 gnita
441 2527 516 2597 est.
543 2519 602 2597 Eo
619 2519 782 2613 litterae,
806 2528 852 2597 ut
869 2520 1030 2626 pictura
1045 2520 1352 2627 sculpturaque,

313 2671 461 2749 ceteris
486 2671 642 2749 artibus
671 2672 792 2778 hujus
823 2671 1026 2750 sententia
1054 2672 1233 2750 minores
1260 2682 1356 2750 sunt

316 2823 428 2931 quod
449 2824 610 2902 illarum
636 2853 763 2931 opera
790 2834 946 2903 tantum
974 2825 1161 2902 simulata
1187 2825 1269 2902 vita
1296 2825 1356 2901 vi-

314 2986 422 3054 vant.
453 2976 575 3076 Quod
601 2977 635 3054 si
666 3005 734 3054 eas
760 2977 1006 3083 interrogeS,
1033 2978 1240 3087 silentium
1269 3007 1356 3056 res-

317 3129 465 3237 ponsio
488 3131 580 3208 erit.
606 3130 688 3208 Ubi
714 3128 906 3208 dixerunt
927 3160 1016 3237 quae
1043 3102 1187 3210 solent¹
1203 3129 1355 3226 dicere,

317 3283 1358 3377 tacent.Hucilluccircumseruntur,omueseodem

318 3465 505 3515 sermone
528 3436 799 3543 alloquentes
821 3436 968 3515 doctos
990 3438 1053 3515 vel
1073 3437 1280 3533 indoctos,
1307 3437 1358 3516 ad

318 3587 585 3668 declinandos
617 3589 736 3683 ictuS,
776 3589 810 3666 si
846 3589 938 3696 quis
973 3619 1040 3668 eas
1078 3589 1355 3696 aggrediatur,

319 3741 439 3847 plane
456 3740 671 3819 inhabiles.
695 3741 912 3849 (Phaedrae,
933 3743 1044 3848 275.)

373 3894 433 3972 De
462 3893 659 3988 dramate,
688 3893 739 3972 dc
770 3895 889 4001 epico
916 3895 1093 3974 carmine
1120 3897 1204 4001 jam
1232 3896 1359 3976 locuti

322 4077 474 4126 sumus.
495 4045 958 4155 Excludunturinsuper
976 4077 1116 4126 versus
1132 4048 1249 4154 elegi.
1274 4061 1360 4154 tipa-

321 4239 377 4280 νων
396 4213 501 4280 τεκαὶ
521 4205 662 4306 ὀδυρμῶν
684 4215 793 4307 ἔφαμεν
814 4212 841 4279 ἐν
861 4215 964 4307 λόγοις
984 4207 1068 4280 οὐδὲν
1087 4206 1295 4306 προσδεῖσθαι.
1316 4200 1359 4278 Si

323 4381 403 4460 qua
420 4351 583 4430 occasio
608 4350 800 4429 inciderit
822 4351 894 4428 ubi
916 4349 1016 4458 quid
1038 4351 1195 4430 tristius
1216 4381 1362 4430 canen-

324 4504 417 4584 dum
450 4505 517 4598 sit,
545 4505 651 4583 sicut
673 4504 715 4581 in
740 4504 960 4611 exsequiis,
990 4505 1147 4584 externi
1171 4514 1360 4584 cantores
