3706 5686
453 725 486 778 10
746 722 796 778 llll
819 720 1003 777 PLATONE
1029 721 1190 780 musica.

451 892 725 1000 amplectitur,
750 890 879 1000 (quod
902 889 953 970 acl
981 899 1141 999 partem
1162 891 1492 972 mathematicam.

424 1046 707 1143 ,educationis
739 1046 900 1143 attinet,
935 1046 1028 1125 vide
1071 1048 1270 1154 Tunaery,
1306 1031 1488 1132 l'llducu-

424 1198 530 1280 'tion
554 1199 858 1305 platonicieuue.
887 1199 1014 1280 Beaue
1032 1200 1342 1307 philosophique,
1374 1202 1489 1280 1880-

456 1350 585 1459 1881),
618 1352 727 1432 inter
750 1381 850 1461 quas
878 1353 1058 1432 eminent
1085 1367 1186 1462 λόγοι,
1210 1365 1363 1460 ἁρμονίαι,
1386 1365 1485 1460 χοροί.

505 1505 597 1606 Qua
625 1507 785 1586 ratione
816 1507 919 1586 tanti
946 1535 1034 1585 esse
1063 1507 1141 1587 tria
1167 1505 1236 1586 illa
1266 1506 1403 1586 studia
1436 1505 1488 1586 ad

450 1657 704 1738 educandam
736 1659 993 1765 juventutem
1030 1657 1303 1766 philosophus
1346 1659 1488 1738 existi-

450 1811 621 1892 maverit
652 1811 855 1920 liquidum
887 1819 962 1890 est.
986 1811 1162 1890 'Horum
1180 1812 1396 1919 proprium
1427 1821 1489 1891 est

449 1991 593 2044 sensus
625 1963 849 2059 oblectare,
876 1963 1033 2060 oculos,
1066 1992 1184 2043 aures
1215 1964 1485 2071 permulcere.

450 2113 586 2216 Quum
617 2123 753 2194 autem
774 2116 808 2193 is
831 2115 884 2194 sit
905 2115 1152 2224 optimarum
1165 2115 1313 2194 artium
1336 2115 1427 2193 linis
1444 2125 1489 2194 ut

449 2267 1486 2376 bonoshonestosqueinformentmoresfflesp,111,

447 2419 557 2532 ἀοι),
577 2431 816 2530 mentesque
839 2422 992 2502 salubri
1024 2422 1203 2531 quodam
1232 2422 1381 2529 spiritu
1399 2450 1490 2530 per-

449 2574 667 2670 mulceant,
708 2603 788 2653 una
821 2575 884 2654 via
913 2575 992 2654 erit
1025 2603 1106 2683 qua
1137 2575 1353 2654 consilium
1378 2603 1487 2653 asse-

450 2737 644 2836 quantur,
664 2757 810 2837 nempe
831 2729 1068 2835 voluptatis.
1081 2728 1200 2808 Absit
1217 2728 1314 2808 utin
1330 2737 1489 2808 senten-

452 2880 547 2960 tiam
586 2909 727 2962 eorum
766 2881 837 2990 qui
865 2881 1119 2989 voluptatem
1148 2882 1239 2962 vitae
1273 2881 1488 2961 formulam

449 3035 738 3142 actionumque
752 3034 1016 3114 humanarum
1035 3035 1215 3142 regulam
1228 3063 1317 3114 esse
1334 3063 1489 3114 asseve-

448 3196 553 3283 rant,
568 3187 687 3266 Plato
700 3187 877 3294 pedibus
892 3195 978 3284 eat3
994 3187 1087 3266 huic
1103 3197 1238 3267 tamen
1255 3187 1334 3266 vim
1351 3215 1489 3295 quam-

450 3338 1488 3448 daminesseconfiteturcujushaudlevishabendus

448 3500 511 3570 est
532 3500 760 3600 respectus
782 3493 830 3572 In
850 3493 930 3571 illis
957 3493 1163 3600 praecipue
1194 3493 1309 3572 annis
1338 3493 1488 3601 quibus

447 3671 563 3753 puer,
592 3645 643 3724 ad
667 3644 979 3752 intelligentiam
1006 3645 1240 3753 nuperrime
1269 3646 1485 3742 cxcitatuS,

445 3797 568 3876 variis
593 3796 815 3878 allectuum
838 3799 1000 3878 casibus
1024 3769 1217 3906 jactatur,
1247 3797 1318 3877 ubi
1340 3799 1487 3877 animal

446 3947 532 4028 lere
547 3949 712 4032 homine
730 3950 938 4058 praevalet,
957 3979 1089 4059 neque
1108 3950 1170 4030 sui
1192 3951 1359 4030 omnino
1379 3951 1486 4064 ratic

446 4112 509 4182 est
525 4129 710 4209 compos
731 4103 832 4211 quid
848 4103 1012 4212 prosint
1030 4112 1250 4212 praecepta,
1270 4103 1409 4209 leges?
1422 4103 1491 4184 Vi·

431 4252 548 4332 tium
569 4262 610 4332 et
632 4255 762 4334 virtus
787 4255 963 4366 primum
989 4283 1079 4334 cum
1109 4255 1253 4335 dolore
1280 4263 1322 4334 et
1343 4255 1485 4361 volup-

447 4413 530 4485 tate
559 4406 882 4492 confunduntur.
907 4408 1026 4516 (Lep,
1052 4438 1093 4504 11,
1112 4408 1224 4517 653.)
1255 4376 1364 4516 Ergo
1392 4408 1489 4487 flec-
