3706 5686
662 799 713 853 DE
736 797 920 854 PLATONE
942 797 1106 853 musico.
1368 800 1403 855 49

366 943 477 1021 utin
503 943 624 1050 epico
646 945 840 1038 carmine,
862 943 1075 1022 harmonia
1101 952 1226 1022 caret.
1262 951 1346 1052 (Τῶν
1370 949 1405 1024 δὲ

366 1101 484 1192 ῥυθμῶν
502 1106 518 1167 ὁ
538 1100 590 1193 μὲν
609 1103 710 1192 ἡρῷος
727 1101 833 1193 σεμνὸς
855 1099 910 1166 καὶ
928 1100 1070 1176 λεκτικὸς
1088 1085 1146 1166 καῖ
1163 1098 1308 1192 ἁρμονίας
1333 1089 1405 1166 δεό-

366 1278 464 1346 μνος.
487 1240 625 1334 Anu,
647 1241 759 1345 tua)

703 1507 795 1629 duri
815 1541 852 1609 et
869 1510 1063 1607 uror'ms

420 1769 587 1848 Musicae
608 1770 754 1864 veteri,
781 1779 828 1850 ut
848 1769 1085 1865 recentiori,
1109 1779 1261 1878 praesto
1288 1776 1405 1848 erant

367 1921 450 2002 duo
468 1923 753 2020 instrumenta,
766 1951 888 2004 voces
901 1931 944 2003 et
959 1951 1126 2030 organa.
1143 1923 1166 2002 J
1170 1951 1234 2002 am
1248 1923 1405 2032 aliquid

368 2075 418 2155 de
442 2104 588 2156 vocum
610 2073 811 2175 divisione
832 2075 1083 2172 dictumest,
1107 2075 1220 2188 quod
1240 2075 1292 2156 ad
1314 2077 1406 2156 alti·

369 2226 553 2308 tudinem
576 2236 735 2336 spectat
755 2228 861 2337 (vide
883 2230 1022 2336 ΜΔ).
1047 2228 1270 2334 inlepidus
1283 2229 1405 2308 nobis

365 2380 509 2460 eadem
524 2382 610 2460 fere
627 2381 774 2460 divisio
791 2382 985 2476 occurrit,
1007 2381 1084 2460 etsi
1097 2381 1140 2458 in
1161 2410 1260 2460 sexu
1280 2392 1404 2490 atque

364 2543 482 2614 aetate
496 2536 708 2616 innitatur.
723 2535 849 2641 (Lep,
869 2564 937 2630 vu,
953 2535 1065 2641 802.)
1083 2537 1266 2615 Primum
1283 2535 1403 2615 Plato

365 2717 485 2767 voces
507 2689 642 2768 viriles
657 2688 961 2796 muliebresque
979 2697 1157 2796 separat,
1177 2688 1266 2768 aliis
1294 2688 1406 2796 quic·

364 2840 465 2949 quid
491 2841 792 2937 fortitudinem,
821 2841 910 2920 aliis
936 2841 1132 2950 quicquid
1160 2841 1403 2921 modestiam

364 2995 759 3102 temperantiamque
774 2995 859 3075 olet
877 2993 1130 3074 adscribens.
1149 2995 1263 3074 Inter
1276 2993 1406 3074 homi-

365 3177 462 3228 num
478 3178 599 3228 voces
622 3150 664 3228 in
685 3149 831 3230 eodem
850 3147 1016 3255 dialogo
1039 3148 1095 3256 (11,
1118 3150 1211 3258 664)
1233 3167 1401 3257 puerOS,

364 3301 488 3397 viroS,
511 3331 630 3382 senes
651 3301 863 3410 dijudicat.
885 3301 1031 3381 Pueris
1053 3301 1298 3410 feminisque
1316 3332 1403 3382 res-

364 3453 522 3562 pondet
532 3453 701 3535 netoida
711 3457 841 3562 regio,
857 3455 954 3534 viris
965 3453 1164 3548 mesoida,
1177 3453 1404 3562 hypatoida

364 3606 546 3686 senibus.

420 3759 552 3861 Quam
581 3760 850 3839 arctissimam
870 3760 1090 3840 verborum
1107 3769 1149 3840 et
1178 3775 1287 3866 μελους
1309 3787 1405 3839 con·

361 3911 620 4019 junctionem
651 3912 770 3993 Plato
793 3913 1026 4021 praescribit
1044 3914 1189 4023 (Κεφ,
1214 3941 1270 4007 ιιι,
1303 3913 1402 4018 3993

366 4063 475 4170 Lep„
493 4095 561 4161 vu,
576 4063 683 4174 802),
696 4065 809 4174 quod
824 4065 1050 4146 notandum
1068 4075 1132 4145 est
1154 4066 1196 4144 in
1218 4075 1405 4173 tempore

365 4245 449 4324 quo
470 4219 555 4324 jam
579 4246 667 4297 mos
687 4227 777 4298 erat
794 4221 997 4300 rationem
1022 4247 1269 4328 sensumque
1296 4218 1406 4297 auris

365 4351 669 4433 oblectamento
691 4363 960 4462 postponere,
983 4355 1040 4434 ita
1062 4365 1109 4434 ut
1127 4364 1316 4433 cantores
1337 4352 1406 4431 ali·

365 4533 467 4612 quas
478 4505 678 4602 litterano
686 4508 915 4615 praesertim
925 4505 1403 4616 praetermitterent,aliis

1277 4652 1295 4704 4
1407 4691 1413 4704 .
