3706 5686
634 796 684 852 DE
707 795 894 864 PLATONE
915 794 1078 850 Muslco.
1344 795 1376 862 341

339 975 509 1058 ἁκοόοντας
535 969 638 1050 ἁλλως
666 964 856 1040 διατίθεσθαι
874 971 928 1038 καὶ
952 965 996 1064 μὴ
1015 972 1069 1038 τὸν
1089 971 1183 1038 αὐτόν
1208 973 1286 1064 ἔχειν
1309 971 1380 1064 τρό-

334 1154 393 1195 πον
409 1126 483 1220 πρὸς
501 1129 634 1200 ὲκὰσιὴν
646 1128 764 1210 αὐτῶν,
775 1125 862 1191 ἁλλὰ
874 1125 950 1216 πρὸς
965 1123 1017 1216 μὲν
1028 1122 1108 1202 ἐνίας
1126 1115 1377 1216 οδυρτυιωτέρως

335 1280 390 1348 ιιαὶ
408 1281 635 1357 συνεστηκότως
650 1283 784 1372 μᾶλλον,
800 1281 862 1346 οἷον
880 1280 956 1371 πρός
972 1271 1030 1352 τὴν
1048 1268 1293 1370 μιξολυδιστὶ
1314 1302 1377 1344 κα-

334 1433 498 1526 λουμένην,
517 1433 593 1525 πρὸς
608 1426 640 1498 δὲ
657 1429 716 1509 τὰς
735 1433 962 1524 μαλακωτέρως
972 1423 1031 1504 τὴν
1047 1422 1197 1513 διὰνοιαν,
1220 1425 1283 1498 οἷον
1300 1432 1376 1524 πρὸς

336 1583 395 1665 τὰς
414 1586 568 1678 ἀνειμένας
587 1571 711 1680 (apud
731 1571 947 1652 Platonem
960 1581 1127 1680 χαλαρός)·
1156 1585 1254 1678 μέσως
1271 1576 1307 1651 δὲ
1325 1590 1380 1652 καὶ

337 1731 575 1807 καθεστηκότως
607 1733 747 1823 μάλιστα
776 1731 852 1823 πρὸς
879 1733 997 1824 ἑτέραν,
1024 1734 1086 1798 οἷον
1116 1720 1203 1796 δοκεῖ
1229 1735 1324 1796 ποιεῖν
1355 1731 1377 1804 ἡ

338 1873 490 1975 δωριστί
504 1879 581 1973 μόνη
592 1888 654 1946 τῶν
673 1883 837 1974 ἁρμονιῶν,
855 1881 1114 1958 ἐνθουσιαστικοὺς
1132 1875 1161 1947 δ’
1181 1882 1202 1956 ἡ
1220 1888 1373 1975 φρυγιστί.

337 2017 655 2126 (1³01.,v111,v‚
678 2017 736 2128 8.)

389 2169 496 2250 Vide
513 2171 636 2249 etiam
652 2179 806 2278 Προθλὴ
815 2211 916 2279 ματα
936 2173 1034 2282 (λιιι,
1056 2172 1125 2276 48)
1144 2201 1153 2249 :
1169 2183 1282 2252 Διᾱτί
1300 2186 1375 2258 oliv

336 2328 501 2435 τραγῳδίᾳ
517 2343 605 2430 χοροὶ
623 2334 686 2406 οὔθ’
706 2330 894 2432 ὑποδωριστὶ
916 2339 984 2407 οὔθ’
1003 2337 1205 2433 ὑποφρυγιστὶ
1219 2329 1373 2436 Ιο,’ίδουσιν;
1405 2413 1408 2418 Ι

337 2492 384 2557 'H
403 2492 452 2559 ότι
468 2494 560 2584 με’λος
573 2489 690 2566 ἡκιστα
711 2495 830 2584 ἔχουσιν
848 2490 943 2559 αὗται
961 2499 993 2559 αἱ
1011 2493 1168 2586 ἁρμονίαι,
1188 2490 1222 2560 οὗ
1244 2482 1376 2592 δεῒμὰ-

335 2650 429 2711 λιστα
442 2655 488 2731 τῷ
500 2655 603 2737 χοριῖη
617 2645 717 2723 Ἧθος
731 2636 761 2712 δ’
780 2648 841 2738 ἔχει
855 2647 876 2722 ἡ
894 2645 1206 2740 μὲνὺποφρυγιστὶ
1223 2671 1378 2735 πρακτι-

337 2799 499 2884 κόν...,ἡ
515 2789 546 2864 δ’
567 2789 795 2892 ὑποδωριστὶ
815 2800 1089 2894 μεγαλοπρεπὲς
1107 2799 1162 2866 καὶ
1179 2804 1376 2893 στάσιμον·
1408 2803 1413 2812 ”

339 2953 389 3020 διό
403 2951 458 3019 καὶ
472 2943 753 3046 κιθαρῳδικωτοίτη
773 2952 837 3020 ἐστὶ
852 2967 915 3020 τῶν
930 2955 1091 3047 ἁρμονιῶν·
1108 2963 1213 3020 ταῦτα
1227 2943 1258 3019 δ’
1280 2954 1375 3048 ἄμφω

337 3115 419 3198 χορῷ
443 3105 496 3197 μὲν
520 3104 702 3198 ἀνάρμοστα
721 3091 885 3199 (chorus
902 3093 1010 3171 enim
1025 3121 1109 3172 non
1121 3092 1233 3210 agit),
1258 3113 1323 3183 τοῖς
1343 3097 1375 3172 δ’

336 3256 400 3324 ἀπὸ
419 3265 533 3335 σιηνῆς
554 3258 732 3350 οἰκειότερα·
756 3257 862 3327 ἐκεῖνοι
881 3259 934 3352 μὲν
952 3258 1013 3354 γὰρ
1031 3263 1138 3352 ἡρώων
1165 3267 1315 3353 μιμηταί’
1350 3258 1379 3326 οἱ

337 3401 368 3477 δ’
396 3409 540 3506 ἡγεμόνες
571 3423 633 3477 τῶν
661 3409 798 3504 ἀρχαίων
823 3414 908 3505 μόνοι
937 3404 1017 3487 ἦσαν
1040 3409 1154 3506 ἡρωες,
1184 3413 1213 3481 οἱ
1239 3403 1273 3480 δὲ
1305 3410 1380 3480 λαοὶ

1055 3559 1098 3646 ζει
1117 3565 1203 3654 αὐτῷ
1222 3569 1259 3634 τὸ
1276 3567 1379 3661 γοερὸν

338 3560 501 3657 ἅνθρωποι,
518 3560 559 3629 ὧν
578 3561 657 3630 ἐστιν
675 3569 692 3631 ό
709 3567 813 3657 χορός·
833 3555 882 3632 διὸ
901 3572 956 3632 καὶ
975 3565 1053 3660 ἁρμό

336 3722 392 3786 καὶ
419 3718 546 3810 ἡσύχιον
578 3709 650 3796 ἦθος
680 3716 736 3784 καὶ
763 3719 866 3811 μέλος·
903 3719 1079 3812 ἁνθρωτιαὰ
1108 3723 1182 3815 γαρ·
1215 3729 1319 3787 ταῦτα
1347 3710 1378 3786 δ’

339 3872 456 3965 ἔχουσιν
480 3871 515 3938 αἱ
541 3868 638 3939 ἄλλαι
660 3871 817 3965 ἁρμονίαι,
840 3869 959 3949 ἡαιστα
985 3866 1013 3941 δ’
1033 3872 1135 3941 αὐτῶν
1160 3875 1181 3950 ἡ
1209 3873 1381 3970 φρυγιστί

338 4033 551 4130 μπορρυγιοτί
566 4019 679 4137 quod
693 4021 735 4099 in
748 4022 1038 4130 manuscriptis
1051 4022 1203 4130 legitur
1222 4023 1377 4102 nullum

338 4202 501 4253 sensum
532 4173 682 4282 habet)
704 4184 989 4266 ἐνθουσιαστικὴ
1020 4191 1082 4286 γὰρ
1109 4191 1165 4258 καὶ
1193 4191 1375 4282 βακχιιιὴ.
1467 4207 1474 4216 ·

338 4338 434 4408 Κατὰ
454 4340 506 4432 μὲν
524 4336 575 4408 οὖν
593 4343 712 4415 ταύτην
730 4341 890 4436 πὰσχομέν
907 4369 951 4410 τι·
964 4344 1133 4418 παθητικοὶ
1152 4334 1228 4411 δὀἱ
1248 4343 1377 4421 ἀσθενεῖς

339 4497 460 4585 μᾶλλον
469 4504 531 4560 τῶν
545 4483 685 4560 δυνατῶν
701 4493 785 4562 εἰσιν·
799 4485 849 4562 διὸ
862 4495 918 4562 καὶ
928 4499 1009 4570 αὕτη
1025 4497 1172 4588 ἁρμόττει
1186 4503 1251 4574 τοῖς
1261 4502 1375 4589 χοροῖς·
