3706 5686
627 817 678 873 llll
700 813 889 874 elnone
911 813 1074 870 musmo.
1337 819 1371 874 4³

332 996 541 1095 acceptam
588 987 792 1096 explicare
843 993 1025 1092 oportet.
1070 982 1186 1064 Sicut
1237 986 1372 1066 modis

332 1140 444 1248 plani
468 1147 627 1235 cantus
664 1141 722 1219 ita
755 1115 1007 1219 Graecorum
1030 1137 1254 1218 harmoniis
1288 1168 1372 1220 non

332 1290 441 1370 idem
491 1318 654 1399 semper
701 1290 793 1368 finis
838 1289 1078 1396 imponitur.
1121 1289 1371 1371 Acutissimc

339 1444 552 1548 Wcstpfiull
560 1451 602 1522 et
618 1436 781 1524 Gevoert
793 1443 1063 1548 conjecerunt
1077 1443 1259 1522 omnium
1272 1445 1374 1524 anti·

334 1623 510 1704 quorum
535 1593 753 1674 modorum
786 1593 1067 1674 diversitatem
1093 1594 1146 1674 ad
1170 1603 1254 1676 tres
1284 1625 1374 1676 mo-

333 1747 409 1828 dos
430 1748 563 1854 redigi
583 1777 706 1856 posse
726 1753 785 1853 fn,
806 1751 877 1844 sol,
902 1751 956 1844 ln,
980 1749 1051 1856 qui
1084 1777 1192 1828 nunc
1217 1752 1371 1848 tonica,

335 1931 442 1981 nunc
466 1903 602 1996 tertia,
636 1929 743 1980 nunc
775 1902 933 2010 quinta⁴
954 1903 1240 1989 terminantur.
1292 1904 1373 2006 Qui

334 2055 456 2134 tertia
484 2055 757 2133 terminantur
783 2082 806 2132 a
833 2054 1007 2134 Platone
1030 2059 1203 2161 θρηνώδεις,
1222 2057 1293 2163 qui
1314 2066 1375 2136 to·

333 2207 425 2286 nica
443 2218 641 2312 συμποτικοί,
665 2207 735 2313 qui
757 2206 901 2314 quinta
923 2207 989 2285 vel
1015 2205 1253 2288 dominante
1268 2220 1374 2298 ἠθικοί

334 2360 613 2440 nominantur.

388 2512 421 2590 Ε
440 2512 575 2620 primo
598 2539 747 2618 genere
773 2521 869 2592 sunt
888 2520 1066 2618 syntono
1087 2512 1228 2620 lydisti
1250 2514 1375 2622 (toni-

335 2693 382 2745 ca
406 2671 452 2770 sn
488 2692 579 2744 cum
612 2663 724 2744 finali
748 2666 818 2770 la),
850 2664 1103 2772 mixolydisti
1140 2665 1294 2774 (tonica
1320 2671 1380 2748 eol

335 2846 426 2897 cum
453 2817 563 2899 finali
586 2815 649 2924 ci),
673 2826 714 2898 et
730 2834 871 2917 βοιώτιον
887 2819 1042 2926 (tonica
1075 2823 1115 2900 la
1145 2849 1237 2900 cum
1266 2821 1376 2900 finali

335 2971 406 3078 ut).

390 3123 588 3203 Secundae
609 3123 771 3202 familiae
797 3133 894 3203 sunt
914 3125 1055 3232 lydisti
1076 3126 1136 3234 (ut
1152 3154 1244 3206 cnm
1266 3125 1376 3205 finali
1400 3139 1404 3145 “

335 3276 406 3384 ut),
421 3285 608 3356 nostrum
629 3277 774 3383 majus,
793 3285 835 3356 et
854 3277 947 3356 iasti
965 3277 1070 3385 (sol).

387 3429 453 3509 Ad
500 3430 663 3509 tertiam
702 3428 880 3538 denique
919 3430 1130 3537 pertinent
1171 3432 1377 3540 phrygisti

335 3585 486 3693 (tonica
520 3587 591 3678 sol,
623 3583 755 3662 finalis
783 3583 843 3690 re')
873 3593 915 3663 et
949 3582 1098 3664 doristi
1130 3585 1283 3694 (tonica
1319 3589 1374 3682 ln,

339 3737 471 3816 finalis
490 3739 577 3842 mr).

387 3891 535 3998 ⁸Neque
564 3889 696 3968 finalis
718 3857 852 3968 solum
872 3889 947 3968 sed
975 3898 1018 3969 et
1041 3919 1238 3998 generum
1257 3901 1379 3971 tono·

339 4072 525 4151 rumque,
543 4043 627 4121 sive
644 4043 979 4150 transpositionis
996 4043 1210 4140 scalarum,
1227 4044 1379 4124 haben-

340 4196 392 4277 da
425 4205 489 4276 est
518 4198 639 4276 ratio.
669 4195 829 4277 Scimus
859 4197 1113 4277 diatonicum
1136 4227 1228 4277 cum
1253 4199 1380 4307 phry-

340 4352 436 4458 gisli
454 4351 633 4430 libenter
651 4351 898 4446 consociari,
917 4361 1065 4430 etcum
1083 4352 1378 4432 enharmonico

341 4511 487 4612 postea
517 4503 680 4583 doristi.
712 4504 904 4612 (Clemens
935 4506 1239 4602 Alecandrinus,
1272 4507 1379 4587 Stro·
1519 4613 1523 4620 ὓ
