3706 5686
506 783 522 833 2
804 780 853 836 DE
876 780 1060 838 PLATONE
1084 769 1243 836 musico.

506 976 693 1082 Gottfrz'ed
723 979 950 1093 Stallburtm,
971 979 1119 1065 Marica
1147 1005 1195 1056 ee
1225 979 1384 1057 Platone
1407 1003 1541 1056 seeun-

470 1131 592 1237 ¹claena
621 1132 745 1210 locum
771 1130 860 1236 Lep.
907 1130 989 1220 VII,
1022 1159 1062 1236 p.
1102 1131 1193 1227 812,
1224 1131 1374 1235 lipsiae,
1417 1130 1537 1225 184&

503 1282 571 1361 Th.
599 1281 725 1362 Henri
751 1282 908 1380 Martia,
931 1266 1076 1363 Etudes
1095 1310 1165 1362 sur
1188 1284 1223 1362 le
1261 1281 1407 1378 Timeo·
1436 1282 1536 1360 llud.

507 1433 730 1539 Weatpholl,
750 1434 893 1512 Plato'e
910 1435 1175 1539 Bezielmnqen
1194 1460 1266 1511 zur
1289 1431 1429 1512 Musile.
1451 1434 1540 1512 Pln‘-

498 1587 698 1692 lolopiselre
724 1587 1031 1691 Woeleensehrift,
1065 1584 1201 1692 1884);
1229 1583 1301 1664 sed
1323 1585 1350 1662 ii
1373 1613 1421 1664 eo
1443 1593 1540 1664 tem-

497 1767 599 1845 pore
624 1738 879 1845 seripserunt
907 1723 990 1845 ouo
1016 1736 1066 1816 de
1095 1738 1263 1845 antiqua
1294 1737 1447 1817 musica
1477 1735 1554 1816 vel
1628 1833 1631 1839 ,

497 1889 666 1970 metrica
690 1890 939 1998 quaestiones
970 1917 1113 1998 parum
1129 1888 1275 1970 zadhuo
1301 1899 1418 1980 erant
1444 1919 1539 1970 enu-

496 2042 657 2138 cleatae3
674 2041 787 2150 quod
801 2039 853 2120 ad
872 2043 1084 2148 Westplaall
1103 2041 1346 2148 opuseulum
1374 2042 1534 2136 attinet,

496 2205 627 2276 totum
655 2196 696 2274 in
725 2195 952 2304 quaestione
979 2194 1177 2273 scalarum
1202 2193 1537 2301 transpositionis

493 2350 680 2430 vertitur.
699 2349 817 2429 Viam
834 2357 875 2428 et
892 2377 968 2428 nos
984 2377 1125 2427 rursus
1147 2347 1415 2454 ingredimur,
1434 2347 1538 2455 opti-

494 2531 653 2581 morum
673 2530 845 2610 operum
860 2501 1011 2581 auxilio
1032 2500 1142 2594 freti,
1158 2529 1247 2608 quae
1267 2497 1375 2579 inter
1391 2499 1534 2606 viginti

493 2653 595 2734 istos
617 2683 745 2734 annos
767 2655 808 2732 in
830 2654 973 2760 vulgus
997 2655 1144 2733 emissa
1165 2663 1259 2732 sunt
1282 2653 1437 2761 (Christ,
1455 2654 1535 2732 Me·

461 2817 462 2822 '
493 2809 591 2908 trz'le5
610 2809 872 2888 noannoeane
888 2807 1107 2914 Weatplmll‚
1127 2807 1284 2910 Metelle
1306 2773 1529 2911 Weslplzall,

492 2961 565 3040 nie
578 2961 708 3039 Muaile
725 2962 791 3040 des
808 2960 1068 3064 prieeleiaelzen
1083 2960 1342 3057 Alterllmms;
1358 2959 1531 3054 Geoaert,

492 3113 663 3194 Histoire
690 3115 736 3193 de
765 3116 804 3192 la
831 3113 1007 3218 mosique
1035 3113 1240 3206 uncianum
1267 3112 1378 3219 ete),
1413 3120 1455 3190 et
1483 3109 1533 3190 de

494 3264 732 3373 amplissimi
766 3265 873 3344 illius
909 3264 1147 3372 philosophi
1181 3265 1320 3344 amicis
1361 3264 1533 3344 lautori—
1638 3267 1641 3274 ’

493 3419 653 3526 busque
684 3447 760 3498 nos
793 3420 898 3498 hene
930 3418 1149 3497 merituros
1179 3389 1269 3497 esse
1300 3418 1392 3513 rati,
1427 3419 1460 3495 si
1492 3419 1533 3496 in

494 3573 691 3680 quasdam
737 3581 875 3680 partes
919 3572 1007 3678 ejus
1048 3570 1325 3678 dialogorum,
1373 3567 1530 3665 Timaei,

492 3727 655 3824 Plailebi,
676 3726 921 3832 Reipublicae,
944 3725 1101 3830 Leptam,
1122 3724 1269 3803 horum
1293 3753 1439 3832 nempe
1461 3725 1532 3833 qui

492 3878 684 3958 unanimo
702 3855 786 3956 lei-e
808 3876 1044 3957 criticorum
1064 3904 1267 3956 consensu
1285 3877 1448 3956 Platoni
1461 3867 1532 3956 ad-

397 4111 399 4120 s
492 4032 741 4128 scribuntur,
770 4041 810 4111 et
832 4032 940 4111 inter
954 4031 1186 4139 platonicos
1205 4031 1334 4110 libros
1354 4059 1430 4138 pro
1444 4034 1533 4137 pla-

485 4186 749 4283 eoniaoimis,
776 4193 821 4264 ut
849 4183 906 4264 ita
935 4183 1081 4280 dicam,
1106 4183 1325 4280 habentur,
1354 4183 1530 4293 aliquam

490 4337 621 4417 lucem
643 4337 864 4444 contigerit
883 4336 1087 4444 prolerre.

547 4489 726 4570 lllusicus
765 4489 902 4569 Plato!
942 4515 1061 4597 quam
1103 4489 1322 4569 verborum
1361 4489 1529 4598 copula·
