3706 5686
439 710 484 763 26·
737 706 787 764 DE
810 706 993 762 PLATONE
1017 706 1180 763 MUSICO.

443 907 561 987 quam
575 877 813 956 brevissime
837 877 1090 972 contraham,
1106 876 1216 954 Deus
1233 875 1479 962 consociatis

444 1031 577 1112 trihus
599 1029 827 1124 elementis,
850 1040 970 1129 ταύτῷ,
999 1052 1044 1130 τῷ
1064 1014 1168 1135 ἑὲέρῳ,
1193 1038 1234 1107 et
1255 1027 1481 1107 substantia

443 1183 615 1262 duarum
640 1189 877 1261 naturarum
902 1181 1119 1289 participe,
1140 1179 1356 1288 quamdam
1380 1180 1479 1257 mix-

446 1345 527 1416 tam
557 1335 766 1424 materiem
798 1333 925 1412 elficit
958 1362 1079 1441 quam
1113 1334 1152 1411 in
1176 1341 1314 1440 partes
1336 1329 1483 1411 dividit

446 1517 535 1597 quae
567 1495 661 1567 sunt
690 1487 798 1566 inter
827 1515 869 1564 se
901 1486 1007 1564 sicut
1037 1514 1070 1582 1,
1101 1513 1139 1579 2,
1171 1484 1267 1581 Μ,
1292 1513 1331 1590 9,
1350 1485 1389 1579 8,
1413 1511 1478 1589 27.

446 1639 581 1718 Facile
611 1638 751 1716 videre
774 1645 836 1717 est
857 1638 959 1717 istos
984 1665 1177 1716 numeros
1207 1637 1249 1714 in
1270 1635 1370 1716 duas
1391 1663 1484 1742 pro-

446 1791 678 1897 gressiones
713 1791 982 1896 geometricas
1014 1789 1204 1898 componi
1226 1817 1363 1896 posse,
1384 1815 1483 1894 qua·
1540 1875 1543 1879 ,

448 1973 537 2023 rum
557 1944 708 2052 prioris
730 1943 835 2021 ratio
850 1983 851 1986 ¹
868 1951 930 2022 est
959 1970 997 2037 2,
1024 1941 1268 2049 posterioris
1292 1949 1425 2018 autem
1445 1938 1482 2016 3.

808 2251 821 2306 l
908 2251 925 2308 ⁶2
1007 2251 1025 2307 l
1108 2250 1125 2308 8

810 2357 823 2413 l
911 2357 927 2412 3
1011 2357 1027 2414 9
1091 2356 1127 2412 27

503 2721 713 2799 Habemus
743 2720 800 2798 ita
828 2719 929 2798 duas
971 2719 1276 2799 intervallorum
1313 2721 1486 2826 speeies,

450 2878 603 2953 διπλάσια
628 2876 834 2978 διαστήματα.
868 2900 957 2978 quae
988 2881 1071 2950 tres
1100 2882 1263 2951 octavas
1292 2880 1487 2977 generant

451 3035 492 3104 et
506 3036 676 3130 τριπλάσια
702 3027 907 3130 διαστήματα
923 3053 943 3102 e
965 3024 1115 3131 quibus
1133 3032 1217 3103 tres
1235 3023 1487 3103 duodecimae

453 3177 656 3255 oriuntur.

505 3327 616 3429 Quid
636 3327 779 3434 plura?
800 3328 848 3405 ln
864 3335 1028 3435 διάστημα
1049 3328 1244 3436 quodque
1263 3330 1414 3438 duplex
1429 3332 1493 3432 vel

456 3480 605 3588 triplex
641 3460 753 3558 Deus'
789 3469 1137 3560 introducit'duas
1159 3497 1351 3594 μεσότητας,
1367 3484 1493 3562 arith-

457 3634 649 3711 metieam
683 3627 724 3710 et
753 3631 1044 3754 harmonicam.
1071 3621 1499 3714 lllediumarithmeti-

455 3813 548 3906 eum
585 3782 764 3878 medium
799 3793 862 3864 est
889 3785 967 3896 Nubi
1006 3784 1088 3865 duo
1129 3755 1300 3866 extremi
1348 3785 1493 3867 eodem

453 3965 611 4018 numero
629 3946 885 4045 separantur.
906 3929 1087 4019 Medium
1107 3940 1389 4020 harmonicum
1407 3970 1491 4020 me-

456 4091 569 4171 dium
587 4099 650 4170 est
670 4091 739 4169 ubi
756 4089 899 4170 eadem
911 4093 1073 4173 ratione.
1095 4092 1157 4172 Sit
1174 4097 1198 4172 6
1214 4094 1462 4200 principium
1483 4125 1490 4171 :

456 4253 565 4330 inter
585 4253 609 4329 6
629 4262 670 4330 et
693 4280 736 4329 12
759 4251 839 4359 (ut1
855 4266 899 4332 ul
912 4253 976 4362 llo
993 4263 1056 4333 est
1070 4253 1249 4333 medium
1269 4255 1496 4334 arithmeti-

462 4391 1497 4514 cum,quia9=6÷'3=12-3.lnter6et12
1575 4459 1576 4462 =
