<?xml version="1.0" encoding="UTF-8"?>
<!DOCTYPE html PUBLIC "-//W3C//DTD XHTML 1.0 Transitional//EN"
    "http://www.w3.org/TR/xhtml1/DTD/xhtml1-transitional.dtd">
<html xmlns="http://www.w3.org/1999/xhtml" xml:lang="en" lang="en">
 <head>
  <title>
</title>
<meta http-equiv="Content-Type" content="text/html;charset=utf-8" />
  <meta name='ocr-system' content='tesseract 3.04.00' />
  <meta name='ocr-capabilities' content='ocr_page ocr_carea ocr_par ocr_line ocrx_word'/>
</head>
<body>
  <div class='ocr_page' id='page_1' title='image "./deplatonemusico00montgoog_0031.png"; bbox 0 0 3706 5686; ppageno 0'>
   <div class='ocr_carea' id='block_1_1' title="bbox 643 789 1380 848">
    <p class='ocr_par' dir='ltr' id='par_1_1' title="bbox 643 789 1380 848">
     <span class='ocr_line' id='line_1_1' title="bbox 643 789 1380 848; baseline 0.005 -4"><span class='ocrx_word' id='word_1_1' title='bbox 643 789 693 844; x_wconf 81' lang='lat' dir='ltr'><strong>DE</strong></span> <span class='ocrx_word' id='word_1_2' title='bbox 715 789 900 848; x_wconf 80' lang='lat' dir='ltr'><strong>PLATONE</strong></span> <span class='ocrx_word' id='word_1_3' title='bbox 924 790 1087 848; x_wconf 87' lang='lat' dir='ltr'><strong>lllJSlCO.</strong></span> <span class='ocrx_word' id='word_1_4' title='bbox 1348 797 1380 848; x_wconf 82' lang='grc'>15</span> 
     </span>
    </p>
   </div>
   <div class='ocr_carea' id='block_1_2' title="bbox 223 958 1456 1833">
    <p class='ocr_par' dir='ltr' id='par_1_2' title="bbox 337 958 1378 1372">
     <span class='ocr_line' id='line_1_2' title="bbox 338 958 1378 1070; baseline 0.006 -34"><span class='ocrx_word' id='word_1_5' title='bbox 338 986 422 1038; x_wconf 92' lang='lat' dir='ltr'><strong>non</strong></span> <span class='ocrx_word' id='word_1_6' title='bbox 446 958 629 1040; x_wconf 90' lang='lat' dir='ltr'><strong>videmus</strong></span> <span class='ocrx_word' id='word_1_7' title='bbox 655 962 724 1040; x_wconf 91' lang='lat' dir='ltr'><strong>ubi</strong></span> <span class='ocrx_word' id='word_1_8' title='bbox 746 961 974 1069; x_wconf 85' lang='lat' dir='ltr'><strong>Sophocles</strong></span> <span class='ocrx_word' id='word_1_9' title='bbox 990 961 1053 1040; x_wconf 94' lang='lat' dir='ltr'><strong>vel</strong></span> <span class='ocrx_word' id='word_1_10' title='bbox 1078 961 1378 1070; x_wconf 77' lang='lat' dir='ltr'><strong>Aristophanes</strong></span> 
     </span>
     <span class='ocr_line' id='line_1_3' title="bbox 338 1112 1377 1221; baseline 0.005 -32"><span class='ocrx_word' id='word_1_11' title='bbox 338 1112 380 1190; x_wconf 92' lang='lat' dir='ltr'><strong>in</strong></span> <span class='ocrx_word' id='word_1_12' title='bbox 396 1113 605 1221; x_wconf 87' lang='lat' dir='ltr'><strong>platonica</strong></span> <span class='ocrx_word' id='word_1_13' title='bbox 623 1113 786 1193; x_wconf 89' lang='lat' dir='ltr'><strong>civitate</strong></span> <span class='ocrx_word' id='word_1_14' title='bbox 809 1122 968 1194; x_wconf 88' lang='lat' dir='ltr'><strong>actores</strong></span> <span class='ocrx_word' id='word_1_15' title='bbox 991 1113 1074 1193; x_wconf 92' lang='lat' dir='ltr'><strong>sint</strong></span> <span class='ocrx_word' id='word_1_16' title='bbox 1090 1115 1310 1212; x_wconf 76' lang='lat' dir='ltr'><strong>inventuri,</strong></span> <span class='ocrx_word' id='word_1_17' title='bbox 1336 1115 1377 1194; x_wconf 92' lang='lat' dir='ltr'><strong>ni</strong></span> 
     </span>
     <span class='ocr_line' id='line_1_4' title="bbox 337 1264 1061 1372; baseline 0.003 -28"><span class='ocrx_word' id='word_1_18' title='bbox 337 1264 389 1344; x_wconf 92' lang='lat' dir='ltr'><strong>ad</strong></span> <span class='ocrx_word' id='word_1_19' title='bbox 411 1281 568 1372; x_wconf 79' lang='grc' dir='ltr'><strong>μέτοικους</strong></span> <span class='ocrx_word' id='word_1_20' title='bbox 588 1267 652 1346; x_wconf 91' lang='lat' dir='ltr'><strong>vel</strong></span> <span class='ocrx_word' id='word_1_21' title='bbox 673 1295 813 1346; x_wconf 91' lang='lat' dir='ltr'><strong>servos</strong></span> <span class='ocrx_word' id='word_1_22' title='bbox 833 1276 1061 1347; x_wconf 76' lang='lat' dir='ltr'><strong>recurrant.</strong></span> 
     </span>
    </p>

    <p class='ocr_par' dir='ltr' id='par_1_3' title="bbox 223 1418 1456 1833">
     <span class='ocr_line' id='line_1_5' title="bbox 391 1418 1373 1528; baseline 0.005 -31"><span class='ocrx_word' id='word_1_23' title='bbox 391 1418 534 1527; x_wconf 90' lang='lat' dir='ltr'><strong>Neque</strong></span> <span class='ocrx_word' id='word_1_24' title='bbox 575 1420 726 1500; x_wconf 89' lang='lat' dir='ltr'><strong>actoris</strong></span> <span class='ocrx_word' id='word_1_25' title='bbox 765 1427 922 1500; x_wconf 86' lang='lat' dir='ltr'><strong>tantum</strong></span> <span class='ocrx_word' id='word_1_26' title='bbox 951 1419 1023 1500; x_wconf 90' lang='lat' dir='ltr'><strong>sed</strong></span> <span class='ocrx_word' id='word_1_27' title='bbox 1051 1429 1093 1500; x_wconf 94' lang='grc'><strong>01</strong></span> <span class='ocrx_word' id='word_1_28' title='bbox 1126 1423 1373 1528; x_wconf 85' lang='lat' dir='ltr'><strong>spectatoris</strong></span> 
     </span>
     <span class='ocr_line' id='line_1_6' title="bbox 335 1571 1373 1681; baseline 0.005 -32"><span class='ocrx_word' id='word_1_29' title='bbox 335 1571 465 1677; x_wconf 88' lang='lat' dir='ltr'><strong>gratia</strong></span> <span class='ocrx_word' id='word_1_30' title='bbox 481 1571 621 1652; x_wconf 91' lang='lat' dir='ltr'><strong>drama</strong></span> <span class='ocrx_word' id='word_1_31' title='bbox 634 1573 912 1681; x_wconf 90' lang='lat' dir='ltr'><strong>respuendum</strong></span> <span class='ocrx_word' id='word_1_32' title='bbox 928 1583 1005 1652; x_wconf 92' lang='lat' dir='ltr'><strong>est.</strong></span> <span class='ocrx_word' id='word_1_33' title='bbox 1019 1573 1178 1653; x_wconf 89' lang='lat' dir='ltr'><strong>Namea</strong></span> <span class='ocrx_word' id='word_1_34' title='bbox 1195 1585 1258 1654; x_wconf 92' lang='lat' dir='ltr'><strong>est</strong></span> <span class='ocrx_word' id='word_1_35' title='bbox 1273 1577 1373 1655; x_wconf 90' lang='lat' dir='ltr'><strong>artis</strong></span> 
     </span>
     <span class='ocr_line' id='line_1_7' title="bbox 223 1723 1456 1833; baseline 0.003 -31"><span class='ocrx_word' id='word_1_36' title='bbox 223 1783 225 1788; x_wconf 86' lang='lat'>-</span> <span class='ocrx_word' id='word_1_37' title='bbox 334 1723 508 1804; x_wconf 89' lang='lat' dir='ltr'><strong>sormula</strong></span> <span class='ocrx_word' id='word_1_38' title='bbox 529 1753 610 1833; x_wconf 91' lang='lat' dir='ltr'><strong>qua</strong></span> <span class='ocrx_word' id='word_1_39' title='bbox 631 1725 961 1804; x_wconf 81' lang='lat' dir='ltr'><strong>excellentissimi</strong></span> <span class='ocrx_word' id='word_1_40' title='bbox 981 1723 1134 1832; x_wconf 87' lang='lat' dir='ltr'><strong>judicis</strong></span> <span class='ocrx_word' id='word_1_41' title='bbox 1161 1726 1371 1806; x_wconf 87' lang='lat' dir='ltr'><strong>urbanitas</strong></span> <span class='ocrx_word' id='word_1_42' title='bbox 1451 1773 1456 1782; x_wconf 94' lang='lat'>·</span> 
     </span>
    </p>
   </div>
   <div class='ocr_carea' id='block_1_3' title="bbox 332 1873 1369 1986">
    <p class='ocr_par' dir='ltr' id='par_1_4' title="bbox 332 1873 1369 1986">
     <span class='ocr_line' id='line_1_8' title="bbox 332 1873 1369 1986; baseline 0.003 -32"><span class='ocrx_word' id='word_1_43' title='bbox 332 1873 685 1986; x_wconf 80' lang='lat' dir='ltr'><strong>intelligentiaque</strong></span> <span class='ocrx_word' id='word_1_44' title='bbox 721 1886 1038 1985; x_wconf 89' lang='lat' dir='ltr'><strong>corrumpantur</strong></span> <span class='ocrx_word' id='word_1_45' title='bbox 1083 1906 1251 1957; x_wconf 90' lang='lat' dir='ltr'><strong>necesse</strong></span> <span class='ocrx_word' id='word_1_46' title='bbox 1279 1887 1369 1974; x_wconf 88' lang='lat' dir='ltr'><strong>est,</strong></span> 
     </span>
    </p>
   </div>
   <div class='ocr_carea' id='block_1_4' title="bbox 332 2029 1371 2138">
    <p class='ocr_par' dir='ltr' id='par_1_5' title="bbox 332 2029 1371 2138">
     <span class='ocr_line' id='line_1_9' title="bbox 332 2029 1371 2138; baseline 0.002 -30"><span class='ocrx_word' id='word_1_47' title='bbox 332 2059 457 2137; x_wconf 92' lang='lat' dir='ltr'><strong>quum</strong></span> <span class='ocrx_word' id='word_1_48' title='bbox 473 2031 530 2110; x_wconf 90' lang='lat' dir='ltr'><strong>nil</strong></span> <span class='ocrx_word' id='word_1_49' title='bbox 548 2030 658 2110; x_wconf 92' lang='lat' dir='ltr'><strong>aliud</strong></span> <span class='ocrx_word' id='word_1_50' title='bbox 674 2031 727 2110; x_wconf 91' lang='lat' dir='ltr'><strong>sit</strong></span> <span class='ocrx_word' id='word_1_51' title='bbox 747 2031 823 2109; x_wconf 91' lang='lat' dir='ltr'><strong>nisi</strong></span> <span class='ocrx_word' id='word_1_52' title='bbox 841 2031 1022 2110; x_wconf 85' lang='lat' dir='ltr'><strong>omniurn</strong></span> <span class='ocrx_word' id='word_1_53' title='bbox 1039 2059 1233 2138; x_wconf 84' lang='lat' dir='ltr'><strong>generum</strong></span> <span class='ocrx_word' id='word_1_54' title='bbox 1257 2029 1371 2110; x_wconf 85' lang='lat' dir='ltr'><strong>rudis</strong></span> 
     </span>
    </p>
   </div>
   <div class='ocr_carea' id='block_1_5' title="bbox 315 2181 1371 4432">
    <p class='ocr_par' dir='ltr' id='par_1_6' title="bbox 315 2181 1371 4432">
     <span class='ocr_line' id='line_1_10' title="bbox 329 2181 1370 2292; baseline 0.002 -32"><span class='ocrx_word' id='word_1_55' title='bbox 329 2181 616 2292; x_wconf 87' lang='lat' dir='ltr'><strong>indigestaque</strong></span> <span class='ocrx_word' id='word_1_56' title='bbox 629 2191 723 2289; x_wconf 77' lang='grc' dir='ltr'><strong>μῖξις.</strong></span> <span class='ocrx_word' id='word_1_57' title='bbox 739 2184 971 2292; x_wconf 91' lang='lat' dir='ltr'><strong>Antequam</strong></span> <span class='ocrx_word' id='word_1_58' title='bbox 980 2184 1125 2290; x_wconf 88' lang='lat' dir='ltr'><strong>tragici</strong></span> <span class='ocrx_word' id='word_1_59' title='bbox 1139 2183 1370 2292; x_wconf 87' lang='lat' dir='ltr'><strong>comicique</strong></span> 
     </span>
     <span class='ocr_line' id='line_1_11' title="bbox 328 2336 1371 2443; baseline 0.001 -28"><span class='ocrx_word' id='word_1_60' title='bbox 328 2347 462 2443; x_wconf 86' lang='lat' dir='ltr'><strong>poetae</strong></span> <span class='ocrx_word' id='word_1_61' title='bbox 481 2337 659 2416; x_wconf 85' lang='lat' dir='ltr'><strong>Athenas</strong></span> <span class='ocrx_word' id='word_1_62' title='bbox 674 2337 932 2432; x_wconf 84' lang='lat' dir='ltr'><strong>invasissent,</strong></span> <span class='ocrx_word' id='word_1_63' title='bbox 951 2336 1148 2443; x_wconf 90' lang='lat' dir='ltr'><strong>plurimas</strong></span> <span class='ocrx_word' id='word_1_64' title='bbox 1168 2337 1371 2416; x_wconf 87' lang='lat' dir='ltr'><strong>habuerat</strong></span> 
     </span>
     <span class='ocr_line' id='line_1_12' title="bbox 328 2489 1365 2598; baseline 0.001 -32"><span class='ocrx_word' id='word_1_65' title='bbox 328 2517 394 2568; x_wconf 90' lang='lat' dir='ltr'><strong>ars</strong></span> <span class='ocrx_word' id='word_1_66' title='bbox 411 2489 576 2598; x_wconf 90' lang='lat' dir='ltr'><strong>poetica</strong></span> <span class='ocrx_word' id='word_1_67' title='bbox 595 2501 814 2582; x_wconf 68' lang='grc' dir='ltr'>καταστάσεις.</span> <span class='ocrx_word' id='word_1_68' title='bbox 844 2490 954 2568; x_wconf 86' lang='lat' dir='ltr'><strong>Cum·</strong></span> <span class='ocrx_word' id='word_1_69' title='bbox 972 2489 1157 2584; x_wconf 86' lang='lat' dir='ltr'><strong>Thaleta,</strong></span> <span class='ocrx_word' id='word_1_70' title='bbox 1186 2489 1365 2597; x_wconf 87' lang='lat' dir='ltr'><strong>Tyrtae0‚</strong></span> 
     </span>
     <span class='ocr_line' id='line_1_13' title="bbox 325 2641 1368 2750; baseline 0.002 -31"><span class='ocrx_word' id='word_1_71' title='bbox 325 2641 520 2724; x_wconf 91' lang='lat' dir='ltr'><strong>Alcmane</strong></span> <span class='ocrx_word' id='word_1_72' title='bbox 540 2643 738 2724; x_wconf 88' lang='lat' dir='ltr'><strong>floruerat</strong></span> <span class='ocrx_word' id='word_1_73' title='bbox 759 2643 917 2750; x_wconf 88' lang='lat' dir='ltr'><strong>Spartae</strong></span> <span class='ocrx_word' id='word_1_74' title='bbox 939 2651 1082 2723; x_wconf 90' lang='lat' dir='ltr'><strong>cantus</strong></span> <span class='ocrx_word' id='word_1_75' title='bbox 1103 2642 1295 2737; x_wconf 88' lang='lat' dir='ltr'><strong>choralis,</strong></span> <span class='ocrx_word' id='word_1_76' title='bbox 1319 2671 1368 2721; x_wconf 87' lang='lat' dir='ltr'><strong>ex</strong></span> 
     </span>
     <span class='ocr_line' id='line_1_14' title="bbox 325 2795 1366 2904; baseline -0.002 -29"><span class='ocrx_word' id='word_1_77' title='bbox 325 2797 529 2904; x_wconf 83' lang='lat' dir='ltr'><strong>Apollinis</strong></span> <span class='ocrx_word' id='word_1_78' title='bbox 572 2797 793 2903; x_wconf 86' lang='lat' dir='ltr'><strong>lllusagetae</strong></span> <span class='ocrx_word' id='word_1_79' title='bbox 842 2797 954 2877; x_wconf 90' lang='lat' dir='ltr'><strong>cultu</strong></span> <span class='ocrx_word' id='word_1_80' title='bbox 1003 2805 1134 2891; x_wconf 90' lang='lat' dir='ltr'><strong>ortus,</strong></span> <span class='ocrx_word' id='word_1_81' title='bbox 1184 2795 1366 2902; x_wconf 88' lang='lat' dir='ltr'><strong>gravium</strong></span> 
     </span>
     <span class='ocr_line' id='line_1_15' title="bbox 325 2947 1367 3046; baseline 0.001 -20"><span class='ocrx_word' id='word_1_82' title='bbox 325 2959 563 3046; x_wconf 90' lang='lat' dir='ltr'><strong>metrorum,</strong></span> <span class='ocrx_word' id='word_1_83' title='bbox 575 2949 816 3046; x_wconf 83' lang='lat' dir='ltr'><strong>hexametri,</strong></span> <span class='ocrx_word' id='word_1_84' title='bbox 832 2951 1078 3046; x_wconf 92' lang='lat' dir='ltr'><strong>orthiorum,</strong></span> <span class='ocrx_word' id='word_1_85' title='bbox 1094 2956 1191 3043; x_wconf 76' lang='grc'>010,</span> <span class='ocrx_word' id='word_1_86' title='bbox 1206 2947 1367 3028; x_wconf 90' lang='lat' dir='ltr'><strong>modes·</strong></span> 
     </span>
     <span class='ocr_line' id='line_1_16' title="bbox 325 3100 1365 3209; baseline 0 -30"><span class='ocrx_word' id='word_1_87' title='bbox 325 3109 458 3209; x_wconf 89' lang='lat' dir='ltr'><strong>taeque</strong></span> <span class='ocrx_word' id='word_1_88' title='bbox 483 3103 647 3182; x_wconf 84' lang='lat' dir='ltr'><strong>citharae</strong></span> <span class='ocrx_word' id='word_1_89' title='bbox 676 3102 959 3182; x_wconf 88' lang='lat' dir='ltr'><strong>amicissimus.</strong></span> <span class='ocrx_word' id='word_1_90' title='bbox 991 3100 1154 3180; x_wconf 89' lang='lat' dir='ltr'><strong>Lesbiis</strong></span> <span class='ocrx_word' id='word_1_91' title='bbox 1181 3100 1365 3207; x_wconf 83' lang='lat' dir='ltr'><strong>viguerat</strong></span> 
     </span>
     <span class='ocr_line' id='line_1_17' title="bbox 323 3253 1361 3362; baseline 0 -30"><span class='ocrx_word' id='word_1_92' title='bbox 323 3253 441 3332; x_wconf 78' lang='lat' dir='ltr'><strong>aeolia</strong></span> <span class='ocrx_word' id='word_1_93' title='bbox 474 3253 683 3349; x_wconf 90' lang='lat' dir='ltr'><strong>monodia,</strong></span> <span class='ocrx_word' id='word_1_94' title='bbox 729 3282 818 3362; x_wconf 84' lang='lat' dir='ltr'><strong>quae</strong></span> <span class='ocrx_word' id='word_1_95' title='bbox 857 3254 1074 3334; x_wconf 86' lang='lat' dir='ltr'><strong>saltatione</strong></span> <span class='ocrx_word' id='word_1_96' title='bbox 1117 3254 1361 3362; x_wconf 91' lang='lat' dir='ltr'><strong>plerumque</strong></span> 
     </span>
     <span class='ocr_line' id='line_1_18' title="bbox 320 3405 1359 3514; baseline 0.001 -29"><span class='ocrx_word' id='word_1_97' title='bbox 320 3416 449 3502; x_wconf 88' lang='lat' dir='ltr'><strong>earet,</strong></span> <span class='ocrx_word' id='word_1_98' title='bbox 474 3435 566 3486; x_wconf 92' lang='lat' dir='ltr'><strong>eum</strong></span> <span class='ocrx_word' id='word_1_99' title='bbox 588 3405 836 3487; x_wconf 90' lang='lat' dir='ltr'><strong>chordarum</strong></span> <span class='ocrx_word' id='word_1_100' title='bbox 855 3408 994 3514; x_wconf 88' lang='lat' dir='ltr'><strong>potius</strong></span> <span class='ocrx_word' id='word_1_101' title='bbox 1021 3435 1142 3514; x_wconf 90' lang='lat' dir='ltr'><strong>quam</strong></span> <span class='ocrx_word' id='word_1_102' title='bbox 1165 3407 1359 3486; x_wconf 87' lang='lat' dir='ltr'><strong>tibiarum</strong></span> 
     </span>
     <span class='ocr_line' id='line_1_19' title="bbox 320 3558 1361 3668; baseline 0 -31"><span class='ocrx_word' id='word_1_103' title='bbox 320 3558 582 3639; x_wconf 88' lang='lat' dir='ltr'><strong>adminiculo.</strong></span> <span class='ocrx_word' id='word_1_104' title='bbox 604 3560 653 3638; x_wconf 90' lang='lat' dir='ltr'><strong>ln</strong></span> <span class='ocrx_word' id='word_1_105' title='bbox 671 3560 830 3639; x_wconf 92' lang='lat' dir='ltr'><strong>honore</strong></span> <span class='ocrx_word' id='word_1_106' title='bbox 851 3568 1052 3638; x_wconf 84' lang='lat' dir='ltr'><strong>steterant</strong></span> <span class='ocrx_word' id='word_1_107' title='bbox 1081 3558 1191 3668; x_wconf 88' lang='lat' dir='ltr'><strong>apud</strong></span> <span class='ocrx_word' id='word_1_108' title='bbox 1218 3559 1361 3638; x_wconf 88' lang='lat' dir='ltr'><strong>Ionios</strong></span> 
     </span>
     <span class='ocr_line' id='line_1_20' title="bbox 320 3711 1363 3820; baseline -0.001 -30"><span class='ocrx_word' id='word_1_109' title='bbox 320 3712 464 3791; x_wconf 91' lang='lat' dir='ltr'><strong>molles</strong></span> <span class='ocrx_word' id='word_1_110' title='bbox 492 3713 690 3820; x_wconf 87' lang='lat' dir='ltr'><strong>hymenaei</strong></span> <span class='ocrx_word' id='word_1_111' title='bbox 717 3712 988 3820; x_wconf 81' lang='lat' dir='ltr'><strong>funebriaque</strong></span> <span class='ocrx_word' id='word_1_112' title='bbox 1016 3719 1193 3800; x_wconf 77' lang='grc' dir='ltr'>ἐπικήδεια.</span> <span class='ocrx_word' id='word_1_113' title='bbox 1220 3711 1363 3791; x_wconf 89' lang='lat' dir='ltr'><strong>Corin-</strong></span> 
     </span>
     <span class='ocr_line' id='line_1_21' title="bbox 319 3863 1361 3978; baseline 0 -36"><span class='ocrx_word' id='word_1_114' title='bbox 319 3863 379 3942; x_wconf 93' lang='lat' dir='ltr'><strong>thi</strong></span> <span class='ocrx_word' id='word_1_115' title='bbox 416 3866 534 3944; x_wconf 93' lang='lat' dir='ltr'><strong>altari</strong></span> <span class='ocrx_word' id='word_1_116' title='bbox 561 3865 766 3974; x_wconf 90' lang='lat' dir='ltr'><strong>Apollinis</strong></span> <span class='ocrx_word' id='word_1_117' title='bbox 796 3873 940 3944; x_wconf 88' lang='lat' dir='ltr'><strong>contra</strong></span> <span class='ocrx_word' id='word_1_118' title='bbox 973 3863 1086 3978; x_wconf 84' lang='lat' dir='ltr'><strong>aliud</strong></span> <span class='ocrx_word' id='word_1_119' title='bbox 1112 3864 1240 3944; x_wconf 86' lang='lat' dir='ltr'><strong>altare</strong></span> <span class='ocrx_word' id='word_1_120' title='bbox 1273 3893 1361 3944; x_wconf 91' lang='lat' dir='ltr'><strong>sur-</strong></span> 
     </span>
     <span class='ocr_line' id='line_1_22' title="bbox 317 4015 1361 4126; baseline 0 -31"><span class='ocrx_word' id='word_1_121' title='bbox 317 4028 493 4108; x_wconf 86' lang='lat' dir='ltr'><strong>rexerat,</strong></span> <span class='ocrx_word' id='word_1_122' title='bbox 505 4017 1089 4126; x_wconf 85' lang='lat' dir='ltr'><strong>scilicetBacchi,auimosque</strong></span> <span class='ocrx_word' id='word_1_123' title='bbox 1103 4015 1242 4095; x_wconf 92' lang='lat' dir='ltr'><strong>divino</strong></span> <span class='ocrx_word' id='word_1_124' title='bbox 1260 4044 1361 4125; x_wconf 87' lang='lat' dir='ltr'><strong>quo·</strong></span> 
     </span>
     <span class='ocr_line' id='line_1_23' title="bbox 316 4168 1357 4278; baseline -0.002 -30"><span class='ocrx_word' id='word_1_125' title='bbox 316 4169 409 4249; x_wconf 93' lang='lat' dir='ltr'><strong>dam</strong></span> <span class='ocrx_word' id='word_1_126' title='bbox 422 4170 560 4250; x_wconf 86' lang='lat' dir='ltr'><strong>lurore</strong></span> <span class='ocrx_word' id='word_1_127' title='bbox 574 4170 859 4278; x_wconf 82' lang='lat' dir='ltr'><strong>dithyrambos</strong></span> <span class='ocrx_word' id='word_1_128' title='bbox 872 4170 1126 4278; x_wconf 89' lang='lat' dir='ltr'><strong>impleverat.</strong></span> <span class='ocrx_word' id='word_1_129' title='bbox 1144 4168 1357 4249; x_wconf 90' lang='lat' dir='ltr'><strong>Interdum</strong></span> 
     </span>
     <span class='ocr_line' id='line_1_24' title="bbox 315 4322 1358 4432; baseline 0 -32"><span class='ocrx_word' id='word_1_130' title='bbox 315 4323 459 4402; x_wconf 92' lang='lat' dir='ltr'><strong>mirum</strong></span> <span class='ocrx_word' id='word_1_131' title='bbox 480 4333 649 4432; x_wconf 87' lang='lat' dir='ltr'><strong>ceperat</strong></span> <span class='ocrx_word' id='word_1_132' title='bbox 664 4353 729 4403; x_wconf 88' lang='lat' dir='ltr'><strong>ars</strong></span> <span class='ocrx_word' id='word_1_133' title='bbox 746 4324 1113 4403; x_wconf 89' lang='lat' dir='ltr'><strong>instrumentorum</strong></span> <span class='ocrx_word' id='word_1_134' title='bbox 1131 4322 1358 4402; x_wconf 64' lang='lat' dir='ltr'><strong>incremen÷</strong></span> 
     </span>
    </p>
   </div>
   <div class='ocr_carea' id='block_1_6' title="bbox 316 4473 1355 4583">
    <p class='ocr_par' dir='ltr' id='par_1_7' title="bbox 316 4473 1355 4583">
     <span class='ocr_line' id='line_1_25' title="bbox 316 4473 1355 4583; baseline -0.002 -28"><span class='ocrx_word' id='word_1_135' title='bbox 316 4485 415 4555; x_wconf 88' lang='lat' dir='ltr'><strong>tum.</strong></span> <span class='ocrx_word' id='word_1_136' title='bbox 445 4477 539 4556; x_wconf 91' lang='lat' dir='ltr'><strong>Non</strong></span> <span class='ocrx_word' id='word_1_137' title='bbox 557 4476 656 4558; x_wconf 88' lang='lat' dir='ltr'><strong>satis</strong></span> <span class='ocrx_word' id='word_1_138' title='bbox 680 4476 843 4583; x_wconf 88' lang='lat' dir='ltr'><strong>estjam</strong></span> <span class='ocrx_word' id='word_1_139' title='bbox 868 4474 1015 4555; x_wconf 91' lang='lat' dir='ltr'><strong>auletis</strong></span> <span class='ocrx_word' id='word_1_140' title='bbox 1038 4473 1355 4582; x_wconf 87' lang='lat' dir='ltr'><strong>citharaedisque</strong></span> 
     </span>
    </p>
   </div>
   <div class='ocr_carea' id='block_1_7' title="bbox 0 0 1858 5686">
    <p class='ocr_par' dir='ltr' id='par_1_8' title="bbox 0 0 1858 5686">
     <span class='ocr_line' id='line_1_26' title="bbox 0 0 1858 5686; baseline 0 11"><span class='ocrx_word' id='word_1_141' title='bbox 0 0 1858 5686; x_wconf 95' lang='lat' dir='ltr'><strong> </strong></span> 
     </span>
    </p>
   </div>
  </div>
 </body>
</html>
