3706 5686
474 730 506 785 ¹4
773 731 823 787 DE
847 729 1030 788 Pnnronn
1053 729 1215 786 musteo,

466 901 637 1006 publicae
663 901 769 981 libro
803 902 967 1009 ejicitur
997 903 1144 1010 (Hesp,
1178 930 1233 996 ιιι,
1275 901 1367 1008 395,
1401 901 1509 1008 396),

472 1081 565 1132 cum
591 1081 673 1162 quo
699 1063 879 1134 ceterum
900 1057 1018 1159 Lepas
1039 1053 1278 1161 conspirant
1304 1051 1426 1161 (Lep,
1443 1081 1509 1147 vn,

470 1205 578 1314 816),
600 1215 744 1314 utpote
762 1207 1018 1287 imitativum.
1043 1207 1104 1285 De
1126 1207 1354 1285 imitatione
1376 1215 1511 1284 autem

471 1358 537 1438 illa
557 1387 685 1467 pauca
708 1359 883 1440 dicenda
899 1371 1008 1440 sunt.
1034 1359 1080 1438 ln
1102 1388 1151 1439 eo
1176 1388 1266 1438 cum
1289 1358 1512 1437 Aristotele

336 1612 345 1626 .
471 1512 608 1620 (Poea,
627 1541 654 1608 1,
676 1513 714 1610 3)
731 1513 849 1594 Plato
870 1515 1077 1594 consentit
1096 1511 1209 1622 qnod
1227 1511 1381 1620 poesiS,
1406 1511 1514 1590 sicut

472 1692 536 1744 ars
565 1665 773 1773 quaelibet,
809 1675 897 1746 tota
919 1665 1004 1746 lere
1039 1666 1079 1744 in
1116 1680 1244 1772 μιμήσει
1268 1665 1404 1772 posita
1434 1671 1509 1743 cst.

471 1817 677 1922 (Sophiste,
703 1818 811 1927 236.)
833 1817 1082 1897 Excellentia
1107 1801 1244 1924 operis
1269 1843 1352 1895 non
1382 1815 1513 1893 solum

474 1997 495 2048 c
518 1968 822 2076 pulchritudine
850 1979 890 2048 ct
913 1970 1124 2077 voluptate
1150 1998 1232 2077 qua
1252 1969 1409 2048 animus
1432 1967 1515 2046 alli-

473 2122 592 2217 citur,
613 2119 687 2200 sed
709 2131 750 2201 et
776 2150 797 2199 c
823 2099 995 2201 veritate
1019 2119 1396 2228 repraesentationis
1418 2148 1515 2226 pen·

473 2270 557 2352 det.
587 2273 709 2381 (Lep,
734 2303 775 2365 ιι,
799 2275 911 2381 669.)
934 2275 1026 2353 Νοιι
1041 2281 1175 2353 autem
1195 2274 1364 2380 hujusce
1386 2271 1515 2351 imita·

454 2497 455 2500 ,
474 2427 599 2506 tionis
608 2428 738 2507 virum
748 2437 954 2508 auctorem
966 2437 1035 2508 aut
1043 2429 1182 2536 potius
1197 2428 1513 2506 instrumentum

474 2608 562 2658 esse
576 2577 709 2660 decet.
724 2579 814 2659 Non
828 2579 1067 2688 prodibitin
1081 2580 1514 2686 scenammilesneque

355 2773 357 2778 ·
473 2741 681 2812 externam
701 2740 742 2812 et
763 2734 1090 2814 commenticiam
1111 2761 1330 2842 personam
1352 2731 1509 2812 induet.

473 2883 550 2976 Illo
572 2884 778 2966 simulatio
813 2886 1029 2982 artificum,
1063 2885 1362 2993 operariorum,
1398 2885 1515 2965 lemi-

473 3066 630 3135 narum,
655 3068 880 3135 servorum,
904 3039 974 3118 illo
991 3061 1119 3146 μίμησις
1133 3062 1194 3120 τῶν
1214 3054 1347 3146 αἰσχρῶν
1364 3053 1515 3146 σωμάτων

481 3200 535 3269 καὶ
550 3193 768 3296 διανοημάτων
782 3202 837 3272 καὶ
855 3216 915 3270 τῶν
936 3202 985 3272 ἐπὶ
998 3203 1043 3270 τὰ
1060 3213 1116 3271 τοῦ
1134 3207 1273 3312 syllenne
1284 3194 1516 3297 κωμῳδήματα

472 3355 687 3461 τετριμμένῳ
704 3341 873 3448 indigna
888 3351 965 3439 est,
985 3341 1085 3451 quid
1106 3342 1248 3451 plura?
1265 3343 1513 3450 periculosa,

481 3520 606 3602 quum
625 3523 673 3572 ex
693 3494 922 3576 imitatione
940 3523 1103 3602 semper
1126 3493 1283 3602 aliquid
1299 3495 1358 3573 rei
1387 3495 1516 3602 ipsius

474 3643 553 3725 sihi
582 3647 764 3726 imitator
792 3621 1022 3727 contrahat.
1050 3647 1196 3755 (Hesp,
1219 3676 1275 3741 ιιι,
1300 3647 1393 3754 395,
1414 3648 1513 3754 396;

472 3796 671 3905 Leq.‚v11‚
696 3799 806 3908 816.)

529 3948 672 4060 Neque
689 3953 822 4032 minus
841 3952 940 4032 artis
954 3950 1121 4032 ludicrae
1140 3981 1265 4033 senex
1281 3980 1428 4061 expers
1440 3952 1519 4032 erit

475 4105 579 4213 (Lep.
608 4133 648 4204 ιι,
675 4105 790 4213 665),
812 4105 920 4186 hunc
947 4134 1030 4186 non
1059 4105 1181 4186 decet
1204 4106 1320 4186 albos
1347 4105 1518 4213 capillos

470 4251 705 4341 inhumanae
717 4255 991 4339 multitudinis
1001 4255 1158 4340 facetiis
1173 4257 1369 4368 objicere.
1381 4260 1517 4362 Quum

475 4433 572 4489 vcro
610 4409 850 4494 mulieribus
886 4411 1046 4520 pulpita
1077 4411 1297 4512 ascendere
1332 4419 1514 4509 vetetur,
