3706 5686
451 739 485 793 56
747 732 797 788 DE
820 731 1007 787 PLhTONE
1029 729 1191 787 MUSICO.

452 946 538 1015 ματα
557 933 703 986 vocum
720 918 870 1012 φθέγμασι
889 900 1140 1010 respondere
1167 901 1345 980 dehent..
1364 915 1489 1009 Ἑτερο-

451 1071 548 1166 ρωνία
568 1058 699 1137 omnis
721 1057 897 1164 ejicitur,
920 1083 1045 1164 quum
1070 1063 1199 1135 totum
1223 1055 1319 1163 lyrae
1340 1081 1486 1134 munus

453 1212 519 1308 sit,
545 1223 710 1320 σαφηνείας
733 1226 832 1310 ἕνεκα,
854 1237 996 1289 vocem
1018 1209 1235 1288 sustinere.
1256 1207 1431 1288 Vetatur
1448 1217 1490 1290 et

451 1384 605 1466 ποικιλία,
619 1363 775 1443 scilicet
798 1374 975 1444 ἀνατλοααί
994 1363 1163 1472 (tractus
1187 1359 1488 1468 ascendentes),

450 1529 655 1600 αατατλοααί
682 1517 851 1626 (tractus
887 1514 1198 1623 descendentes)
1231 1524 1273 1594 et
1310 1494 1490 1621 οορπνοααί

451 1671 680 1780 (amborum
715 1697 909 1777 generum
940 1670 1121 1780 mixtus),
1147 1676 1188 1747 et
1217 1666 1486 1774 simulatque

449 1837 642 1915 πυκνότητος
661 1830 702 1902 et
726 1836 911 1929 μανότητος,
946 1821 1068 1929 spissi
1103 1829 1143 1900 et
1179 1819 1351 1928 spatiosi
1390 1848 1488 1899 con-

447 1977 622 2085 juncti0,
652 1975 938 2084 oppositiones
968 1974 1075 2054 inter
1096 1987 1194 2080 τάχος
1223 1983 1265 2054 et
1287 1978 1489 2084 βραδυτῆτα,

421 2163 422 2166 ’
452 2128 639 2238 rapidum
657 2137 698 2207 et
716 2127 884 2222 lentum,
905 2134 1042 2220 ὀξύτητα
1063 2135 1104 2207 et
1123 2142 1300 2235 βαρύτητα,
1327 2137 1488 2208 acutum

345 2265 349 2278 ⁸
453 2287 494 2358 et
529 2307 671 2384 grave,
707 2277 863 2358 scilicet
901 2305 1042 2356 omnes
1077 2279 1296 2359 varietates
1331 2288 1491 2360 contra-

453 2431 595 2541 puncti
604 2431 695 2540 (vox
711 2458 789 2510 una
805 2439 948 2510 contra
966 2439 1153 2528 2,c0ntra
1168 2433 1209 2528 ίρ,
1227 2440 1304 2514 etc.
1315 2440 1489 2530 ,contra-

453 2593 649 2696 punctum
681 2583 731 2663 ad
758 2592 955 2680 octavam,
980 2584 1031 2664 ad
1064 2583 1276 2682 decimam,
1302 2585 1352 2666 ad
1384 2587 1488 2666 duo-

454 2737 666 2832 decimam,
687 2735 800 2845 etc).

508 2889 565 2970 Ut
582 2889 659 2969 alia
678 2889 877 2972 vocabula
897 2918 1104 2998 usurpem,
1128 2921 1210 2971 non
1232 2893 1363 2972 solum
1384 2891 1490 2972 ultra

455 3043 679 3122 Pindarum
705 3043 774 3151 qui
794 3042 986 3122 tibiarum
1007 3043 1269 3152 polyphoniae
1292 3044 1489 3124 citharam

456 3193 615 3275 addidit
625 3194 718 3304 (Ill,
730 3194 913 3303 olyran),
928 3193 1001 3274 sed
1017 3203 1058 3274 et
1071 3197 1242 3303 primam
1257 3205 1490 3305 spartanam

454 3362 646 3432 αατοὶοταοον
663 3377 752 3458 quae
776 3348 877 3428 duas
895 3350 1017 3430 tibias
1040 3319 1250 3430 cumvoce
1272 3351 1489 3430 concinere

455 3529 576 3610 passa
604 3513 680 3597 est,
706 3502 831 3582 immo
853 3501 959 3581 infra
978 3501 1283 3600 Archilochum,
1309 3504 1379 3612 qui
1397 3502 1487 3598 suit,

342 3716 343 3720 ο
402 3683 418 3702 ·
455 3655 490 3734 si
519 3653 741 3734 Plutarcho
763 3655 983 3752 credimus,
1000 3655 1263 3764 polyphoniae
1285 3655 1487 3736 inventor.

349 3869 351 3876 ,
453 3807 592 3908 (Οἴονται
607 3803 640 3880 δὲ
660 3813 714 3881 καὶ
731 3807 788 3890 τὴν
807 3823 925 3908 κροῦσιν
951 3809 1008 3892 τὴν
1027 3815 1087 3882 ὑπὸ
1104 3808 1162 3891 τὴν
1182 3805 1267 3902 ᾠδὴν
1278 3823 1387 3882 τοῦτον
1407 3823 1495 3907 πρῶ·

442 3983 505 4035 ’τον
529 3969 631 4059 εὑρεῖν,
648 3965 719 4044 τοὺς
739 3956 769 4032 δ’
791 3965 938 4059 ἀρχαίους
955 3965 1074 4044 πάντας
1100 3957 1278 4062 πρόσχορδα
1297 3965 1411 4060 κρούειν
1432 3953 1490 4061 [de

453 4105 613 4200 Musica,
630 4105 799 4214 xxvru].)
814 4106 932 4185 Plato
954 4106 1159 4186 existimat
1173 4113 1302 4185 artem
1323 4105 1487 4214 harmo-

455 4255 586 4336 nicam
606 4257 876 4337 revooandam
898 4287 1001 4338 esse.
