3706 5686
621 769 671 824 DE
694 767 878 824 rtnroun
902 765 1064 822 MUSICO.
1344 765 1363 818 3

324 938 479 1016 tionem
499 937 658 1018 tantum
679 939 707 1016 ii
729 938 988 1016 mirabuntur
1010 931 1081 1042 qui
1107 929 1161 1012 in
1175 934 1365 1042 antiquo-

324 1119 415 1168 rum
436 1091 529 1170 vitae
553 1053 790 1198 cognitione
817 1117 963 1198 parum
987 1089 1137 1168 versati
1165 1096 1273 1166 sunt.
1303 1088 1367 1166 lta

325 1239 525 1322 hodierna
545 1242 612 1322 die
633 1244 803 1351 privatae
830 1242 1090 1350 publicaeque
1112 1241 1204 1320 vitae
1230 1238 1367 1318 officia

326 1402 418 1473 sunt
441 1393 673 1502 dispartita,
695 1397 752 1475 ita
772 1394 950 1503 quisque
973 1403 1160 1474 nostrum
1183 1394 1225 1471 in
1246 1421 1368 1500 pecu-

325 1545 426 1626 liare
460 1546 670 1656 quoddam
707 1576 853 1626 munns
889 1546 1050 1654 seipse
1086 1546 1296 1653 compegit
1322 1553 1368 1622 ut

326 1697 590 1777 multifariam
610 1699 787 1806 antiquae
808 1700 901 1778 vitae
923 1698 1205 1779 diversitatem
1228 1697 1369 1776 obstu-

326 1879 554 1958 pescamus.
569 1851 634 1930 Ad
651 1851 694 1930 id
710 1852 908 1959 paulatim
926 1852 1108 1930 venimus
1122 1853 1167 1929 ut
1179 1850 1365 1942 scientia,

327 2031 407 2099 ars,
436 2033 691 2112 quaecunque
722 2005 956 2112 disciplina,
989 2004 1155 2084 officina
1180 2001 1367 2111 quaedam

210 2211 213 2216 -
328 2185 416 2235 esse
440 2156 626 2236 videatur
647 2157 719 2236 ubi
750 2156 891 2264 opifex
917 2157 1094 2265 quisque
1120 2157 1367 2262 assignatam

331 2339 499 2418 operam
529 2311 722 2407 absolvit,
755 2321 999 2392 caeterorum
1031 2311 1185 2390 laboris
1214 2311 1368 2390 inscius

327 2472 450 2572 atquc
478 2465 724 2544 incuriosus.
750 2465 892 2572 Longe
920 2465 1040 2544 aliter
1070 2463 1179 2572 apud
1201 2463 1368 2544 Graecos

325 2645 392 2697 res
418 2646 507 2696 sese
532 2616 765 2714 habebant;
790 2617 842 2697 ad
862 2617 906 2696 id
928 2617 1121 2696 educatio
1150 2617 1369 2724 spectabat

327 2799 421 2850 nea
443 2770 571 2849 milite
594 2771 709 2865 civis,
730 2799 821 2849 nea
843 2769 930 2853 cive
951 2770 1075 2850 homo
1096 2768 1365 2877 discreparet,

327 2921 401 3002 sed
425 2934 570 3003 contra
591 2923 694 3004 alter
720 2925 981 3031 conspiraret
1011 2923 1144 3002 alteri.
1170 2922 1366 3038 Quaedam

323 3086 446 3156 erant
462 3076 720 3184 epheborum
740 3077 928 3183 collegia,
949 3077 991 3154 in
1007 3076 1157 3184 quibus
1173 3105 1249 3184 per
1262 3075 1367 3154 duos

327 3258 457 3308 annos
482 3228 723 3308 adolescens
743 3229 1013 3309 edocebatur.
1038 3227 1181 3308 Codex
1195 3229 1368 3336 ephebi-

327 3411 398 3461 cus
420 3411 444 3461 a
466 3381 623 3490 populo
649 3383 863 3462 institutus
893 3382 1016 3488 hujus
1040 3382 1218 3461 tirocinii
1247 3411 1368 3488 regu-

329 3535 388 3614 las
412 3535 643 3615 minutatim
670 3535 982 3643 praescribebat,
1009 3564 1084 3614 nec
1112 3535 1284 3614 dubium
1307 3545 1369 3614 est

329 3688 429 3796 quin
452 3687 573 3766 simul
599 3717 646 3767 ac
675 3689 926 3796 gymnastica
951 3687 1163 3784 exercitia,
1191 3689 1366 3784 litteras,

328 3841 610 3948 geometriam,
626 3842 821 3920 musicam
833 3842 887 3920 sit
902 3841 1147 3949 amplexum.
1161 3840 1227 3942 (V.
1239 3843 1372 3921 Albert

328 3995 510 4092 dumont,
536 3996 655 4075 Eseui
673 4023 744 4074 sur
758 3995 972 4102 l'eplte'bz'e.)

383 4147 476 4228 Huc
500 4147 660 4227 accedit
684 4147 798 4256 quod
816 4148 935 4228 Plato
956 4147 1148 4255 primum,
1172 4176 1256 4227 non
1279 4147 1372 4256 phi·

330 4299 516 4408 losophi,
548 4299 622 4379 sed
660 4301 807 4408 tragici
836 4309 971 4409 poetae
1003 4300 1166 4380 laudem
1191 4301 1246 4380 sit
1274 4330 1371 4410 pro·

331 4465 511 4548 secutuS,
536 4454 635 4550 sive,
659 4463 706 4534 ut
732 4454 790 4534 ait
816 4454 1026 4560 Diogenes
1050 4451 1239 4534 Laertius
1267 4483 1290 4533 a
1317 4454 1376 4534 dia
