3706 5686
483 767 515 820 m
785 765 836 820 DE
859 763 1047 821 PLATONE
1070 763 1233 821 MUSICO.

480 937 571 1016 voci
590 938 825 1034 concinere;
850 938 996 1018 horum
1017 940 1148 1044 gratia
1164 938 1391 1045 peculiares
1408 953 1518 1048 ἀγῶνες

481 1087 1517 1198 suntinstituti.Ediversisistisgeneribuspaulatim

481 1271 631 1322 novum
649 1242 856 1351 quoddam
874 1271 1001 1350 genus
1019 1251 1159 1323 natum
1180 1253 1257 1340 est,
1276 1243 1389 1353 quod
1404 1243 1517 1325 dori-

481 1424 573 1474 cum
587 1410 693 1503 νόμον,
725 1397 884 1477 ionicos
913 1397 1066 1504 elegos
1101 1396 1349 1477 corinthium
1386 1397 1519 1504 dithy-
1574 1383 1576 1388 ¹

479 1548 675 1644 rambum,
700 1549 1014 1629 citharaedorum
1044 1549 1351 1657 auletarumque
1382 1558 1517 1630 'artem

479 1701 733 1808 permiscuit,
768 1701 949 1810 disparia
974 1701 1215 1782 consocians
1248 1711 1408 1781 etcum
1439 1700 1518 1814 dis-

475 1854 597 1959 jectis
610 1855 857 1935 musicorum
873 1884 1066 1962 generum
1086 1855 1278 1935 membris
1290 1864 1517 1937 monstrum

479 2005 653 2087 informe
674 2037 941 2118 componenS,
961 2017 1001 2089 et
1018 2037 1066 2089 ex
1085 2010 1328 2090 aristocratia
1346 2009 1516 2088 Athenae

479 2163 726 2242 theotocratia
755 2171 981 2246 evaserant.
1009 2162 1128 2271 (Lep,
1156 2191 1211 2256 ιιι,
1233 2191 1312 2269 700
1337 2170 1378 2241 et
1404 2159 1515 2269 701.)

403 2385 404 2390 ,
532 2311 651 2392 Adde
666 2313 779 2422 quod
792 2313 1004 2393 dramatici
1019 2322 1208 2392 auctores
1223 2313 1371 2420 saepius
1383 2313 1518 2418 legum

479 2494 706 2562 eversores
725 2467 947 2574 impietatis
965 2464 1257 2573 praedicatores
1282 2494 1370 2544 sese
1385 2473 1519 2545 osten-

480 2619 580 2700 dant
600 2621 724 2726 (ίῳ,
747 2648 813 2710 vn,
839 2621 952 2727 8ι7);
993 2617 1173 2727 quodid
1200 2614 1396 2698 extollant
1436 2647 1517 2728 quo

479 2771 713 2879 respublica
727 2775 916 2871 fcorruat,
937 2801 984 2852 ea
1000 2779 1271 2879 aspernantur
1290 2772 1439 2880 quibus
1456 2772 1517 2850 in-

477 2925 637 3004 nititur.
662 2925 729 3004 Nil
755 2926 880 3032 igitur
911 2925 1056 3004 mirum
1079 2923 1192 3034 quod
1213 2925 1304 3004 illos
1327 2925 1385 3042 ad
1417 2926 1542 3034 fines*

478 3077 714 3186 reipublicae
754 3078 1026 3185 philosophus
1072 3078 1255 3173 reducat,
1297 3086 1518 3186 postquam

479 3230 624 3312 horum
639 3239 762 3338 caput
783 3232 1001 3337 unguentis
1018 3259 1252 3339 corpusque
1268 3231 1381 3310 vittis
1402 3229 1520 3310 ador-

479 3384 603 3463 navit.
630 3385 758 3463 Paulo
785 3385 1018 3464 remissiore
1041 3413 1229 3463 sermone
1253 3413 1350 3491 erga
1367 3412 1520 3463 eomoe-

478 3523 559 3615 dos'
574 3537 837 3644 peculiariter
852 3539 970 3644 Lepas
986 3547 1170 3617 utuntur.
1190 3538 1315 3643 (Lep),
1330 3566 1396 3632 vn,
1412 3538 1519 3641 816.)

479 3689 574 3768 Non
599 3697 734 3768 autem
759 3690 934 3770 civitatis
961 3677 1071 3770 sores
1099 3690 1178 3769 illis
1205 3689 1415 3796 patefacit,
1447 3687 1519 3773 sed

476 3848 638 3920 tantum
667 3841 869 3949 adaperit,
894 3870 941 3921 ea
970 3842 1207 3922 conditione
1237 3852 1283 3922 ut
1307 3843 1519 3948 magistra-

476 3993 591 4072 tibus
624 4023 751 4102 opera
781 4023 854 4074 sua
883 3995 1129 4103 approbent.
1158 3995 1281 4101 (Lep,
1310 4023 1374 4094 vn,
1408 3997 1519 4102 817.)

484 4147 627 4254 Neque
658 4147 900 4228 ¹dissimulat
941 4148 1281 4227 excellentissima
1320 4147 1521 4255 tragoedia

478 4301 788 4410 ¹philosophiam
816 4301 931 4381 valde
959 4303 1218 4399 antecellere,
1243 4303 1397 4410 quippe
1431 4332 1520 4410 quae

480 4480 563 4530 non
599 4455 818 4562 cujuslibet
847 4455 1009 4535 vivendi
1045 4456 1219 4562 generis,
1258 4455 1331 4534 sed
1364 4464 1521 4536 tantum
