3706 5686
656 746 706 800 nn
730 746 914 802 reinone
938 745 1100 804 unsrun.
1265 729 1274 748 ‘
1382 752 1399 801 ι

359 916 486 1012 modi,
509 945 685 1025 quorum
706 918 825 996 unius
849 946 997 997 nervos
1021 916 1253 1011 intendere,
1280 942 1399 995 exer-

359 1100 466 1167 cere,
497 1071 659 1150 ossibus
685 1070 783 1150 dare
811 1071 940 1151 robur
960 1099 1006 1150 ac
1030 1071 1280 1165 firmitatem,
1307 1098 1399 1148 nee-

358 1252 442 1302 non
467 1223 647 1302 motibus
674 1223 917 1329 elegantiam
945 1232 986 1302 et
1014 1211 1286 1316 velocitatem,
1310 1221 1400 1301 aliis

359 1376 496 1456 verbis
513 1377 640 1455 civem
657 1375 709 1455 ad
723 1405 864 1455 omnes
881 1405 953 1456 seu
966 1375 1064 1455 belli
1080 1405 1151 1454 seu
1163 1375 1276 1483 pacis
1288 1375 1401 1453 labo·

360 1558 426 1608 res
453 1530 656 1608 instruere
692 1557 836 1608 munus
867 1539 950 1623 est;
981 1529 1084 1608 alter
1113 1538 1249 1608 autem
1271 1526 1323 1606 ad
1356 1526 1399 1606 id

360 1691 521 1790 spectat
547 1691 591 1762 ut
611 1711 725 1760 mens
745 1683 889 1779 alatur,
908 1683 1027 1761 bonae
1055 1682 1268 1788 erigantur
1283 1680 1402 1760 indo-

360 1837 438 1933 les,
472 1835 665 1915 vitiorum
704 1835 863 1915 radices
896 1864 947 1914 ex
983 1836 1118 1914 animo
1156 1835 1397 1915 evellantur.

360 1991 486 2096 (Lep,
509 2017 576 2084 vu,
605 1989 717 2096 795.)
739 1988 915 2096 Utrique
936 2015 1042 2094 opus
1070 1997 1134 2066 est
1162 1986 1401 2094 adjumento

361 2141 542 2220 alterius.
581 2141 624 2220 Si
655 2140 941 2231 tantummodo
985 2140 1174 2247 eorporis
1211 2137 1401 2245 indulges

362 2295 582 2390 exercitiis,
605 2295 794 2402 sequitur
809 2292 996 2401 quaedam
1016 2293 1240 2400 asperitas3
1264 2293 1296 2371 si
1318 2303 1405 2371 tan-

361 2447 575 2528 tummodo
592 2448 761 2554 ingenii,
773 2447 962 2554 sequitur
977 2446 1170 2524 mollities
1183 2446 1327 2554 (Hesp,
1343 2473 1400 2540 ιιι,

361 2600 475 2707 ἀιο.)
514 2599 628 2678 lnter
669 2599 791 2678 ambo
826 2598 996 2707 aliquod
1030 2598 1310 2678 adhibendum
1342 2606 1406 2676 est

363 2762 744 2861 temperamentum,
774 2753 831 2832 ita
862 2761 907 2831 ut
936 2751 1046 2859 apud
1066 2780 1144 2831 nos
1172 2753 1229 2830 nil
1260 2751 1404 2831 inculti

362 2915 538 3002 maneat,
559 2935 711 3015 corpus
735 2915 872 2986 autem
894 2935 1037 2985 sanum
1061 2934 1201 2986 sanam
1226 2915 1405 2984 mentem

363 3059 529 3156 efficiat,
559 3089 634 3140 nec
664 3060 886 3168 quicquam
924 3088 1097 3167 usquam
1131 3059 1303 3139 excedat
1341 3057 1406 3136 vel

364 3213 545 3293 deficiat.

418 3367 535 3446 Hanc
555 3367 910 3475 temperationem,
930 3395 1011 3475 qua
1031 3367 1245 3474 multiplex
1269 3367 1407 3445 huma-

364 3549 425 3600 nae
446 3528 599 3600 naturae
623 3519 799 3599 varietas
822 3519 875 3598 ad
894 3547 1020 3597 unum
1042 3519 1259 3627 redigitur,
1284 3520 1403 3599 Plato

366 3689 514 3781 μουσικήν
532 3671 725 3780 appellat.
746 3671 871 3774 Quod
896 3682 1032 3752 autem
1056 3673 1300 3753 vocabulum
1323 3701 1407 3752 arc-

366 3829 514 3907 tiorem
536 3827 941 3936 communionemque
968 3855 1131 3906 sensum
1149 3827 1275 3907 habet
1296 3824 1407 3934 apud

367 3983 674 4091 philosophum.
707 3981 866 4090 Saepius
902 4010 990 4061 eam
1024 3991 1184 4089 partem
1218 3981 1407 4087 designat

368 4136 625 4216 educationis
657 4165 747 4244 quae
774 4135 835 4222 ad,
860 4135 1038 4215 animum
1075 4136 1207 4215 solum
1235 4136 1404 4231 attinet,

368 4289 565 4404 dumilli,
588 4319 678 4398 quae
704 4289 756 4368 ad
792 4317 958 4397 corpuS,
989 4317 1141 4368 nomen
1173 4289 1243 4368 dat
1266 4281 1408 4397 ppvoea-
1436 4266 1442 4303 ἰ

366 4465 470 4540 τικῆς,
497 4453 708 4551 totamque
739 4443 1005 4548 ingenuarum
1030 4443 1179 4521 artium
1214 4442 1407 4522 familiam
1438 4422 1444 4438 ¹
