3706 5686
611 763 661 819 DE
683 764 869 822 Pmoun
892 763 1054 822 nusmo.
1316 768 1346 822 ut

308 933 409 1011 meri
425 932 667 1044 ordinisque
683 966 847 1017 sensum
860 939 1078 1045 inspirent.
1099 936 1231 1039 Quam
1252 965 1351 1016 vero

306 1085 560 1195 voluptatem
580 1117 716 1198 neque
736 1093 846 1199 vulgi
861 1121 997 1204 neque
1014 1099 1230 1199 poetarum
1247 1089 1352 1170 arbi·

308 1241 387 1320 trio
426 1242 567 1338 tradit,
601 1243 674 1324 sed
721 1246 890 1353 subjicit
930 1245 1237 1352 magistratibus
1279 1246 1351 1354 qui

306 1422 395 1474 earn
421 1395 534 1476 bono
555 1397 815 1506 civitatisque
843 1399 1157 1479 conservatione
1183 1399 1353 1479 metian-

308 1555 391 1625 tur.
891 1519 893 1522 Ι

316 1771 322 1782 ,
360 1700 418 1778 Ex
434 1701 510 1781 hac
532 1704 630 1783 artis
648 1703 924 1784 destinatione
948 1704 1136 1814 sequitur
1161 1714 1205 1784 ut
1230 1732 1349 1785 omne

305 1881 433 1959 genus
449 1864 667 1963 respuatur
680 1857 795 1966 quod
815 1886 898 1937 non
912 1887 961 1936 ex
977 1858 1088 1937 omni
1107 1867 1228 1965 parte.
1243 1869 1351 1947 ἠθικόν

308 2010 472 2116 Platoni
504 2041 594 2092 esse
639 2012 841 2109 videatur,
874 2014 1023 2094 seuin
1065 2015 1183 2123 poesi
1218 2014 1351 2096 forma

307 2163 502 2270 quaelibet
523 2164 732 2262 dramatiS,
754 2195 871 2274 epos,
890 2167 1044 2274 elegea,
1064 2169 1244 2248 carmina
1267 2196 1352 2247 om-

203 2358 207 2362 ·
306 2315 373 2395 nia
399 2316 478 2394 nisi
506 2317 647 2424 lyrica,
674 2318 863 2425 gnomiea
886 2347 932 2398 ac
959 2318 1282 2428 dithyrambica;
1308 2319 1349 2399 in

305 2469 519 2550 harmonia
537 2473 673 2574 omnia
691 2502 843 2580 genera
863 2475 943 2552 nisi
967 2474 1235 2570 diatonicum,
1254 2486 1348 2555 ‘om-

305 2651 377 2702 nes
410 2622 523 2703 modi
550 2625 628 2704 nisi
651 2625 855 2734 phrygisti
881 2635 923 2706 et
947 2626 1111 2724 doristi,
1134 2627 1348 2735 rhythmo-

305 2804 477 2885 rumque
496 2783 682 2886 μετὲιὸολαί,
695 2779 1171 2888 ἰηεὶνυιηεηὶᾶπολύχορδα,
1186 2807 1347 2860 necnon

305 2942 496 3036 έτεροφωνία,
512 2959 673 3011 necnon
694 2939 736 3012 et
749 2945 906 3028 natantiis,
941 2933 1024 3012 sive
1053 2932 1166 3041 quod
1189 2932 1350 3012 hanmo-

304 3082 413 3195 niam
453 3095 494 3164 et
535 3094 894 3194 contra-punctum
928 3086 1201 3165 nominamus
1240 3085 1349 3192 Reji·

304 3237 468 3317 ciuntur
484 3267 506 3316 e
523 3239 660 3318 choris
684 3238 767 3320 duo
781 3241 893 3319 inter
918 3248 1002 3319 tres
1030 3238 1207 3318 saltandi
1234 3237 1347 3317 modi

302 3389 373 3496 qui
402 3389 444 3466 in
467 3389 636 3470 theatris
659 3392 798 3471 usitati
827 3401 958 3487 erant,
996 3390 1154 3470 scilieet
1189 3389 1346 3469 comica

302 3541 455 3622 eordan
468 3543 688 3624 etsatirica
708 3545 901 3654 sicinnys.
922 3535 1156 3652 Supersunt
1171 3582 1347 3652 γυμνοπαι-

302 3699 390 3789 Sinai,
416 3700 576 3802 πρόσοδοι,
599 3708 758 3804 ἐμμελεικ,
782 3711 963 3805 ὑπόρχημα.

358 3847 488 3928 Immo
521 3878 569 3929 ex
590 3848 654 3928 his
682 3851 840 3930 artibus
868 3851 979 3930 nulla
1005 3880 1048 3932 se
1069 3851 1149 3958 ipsi
1176 3848 1343 3930 suffieit.

303 3999 529 4108 Respuitur
555 4031 672 4110 epOS,
695 4033 784 4113 quae
808 4013 871 4084 est
896 4032 1061 4084 carmen
1082 4004 1169 4082 sine
1191 4002 1349 4081 harmo-

301 4153 382 4249 nia,
411 4163 663 4262 respuuntur
688 4157 914 4236 auletarum
940 4155 1344 4264 eitharaedorumque

303 4319 429 4415 ᾰγῶνες,
447 4337 536 4416 quae
561 4319 657 4390 sunt
676 4310 830 4390 musica
850 4310 936 4388 sine
953 4309 1092 4416 poesi3
1116 4323 1249 4416 χορεύειν
1272 4307 1348 4387 sal·

302 4467 390 4541 tare
411 4469 453 4540 et
473 4471 636 4542 cantare
658 4473 734 4542 est.
753 4461 801 4542 ld
818 4491 917 4568 ergo
934 4491 1011 4570 pro
1035 4462 1197 4569 optimo
1218 4487 1346 4568 opere
