3706 5686
601 761 650 820 llll
673 763 860 822 PLATONE
882 764 1045 823 nuslcO.
1310 765 1343 816 57

703 1164 708 1173 .
744 1066 913 1198 xoeoi

359 1393 417 1472 Ut
442 1391 610 1488 musica,
631 1403 737 1499 χερείεε
765 1391 875 1500 apud
903 1391 1117 1474 Platonem
1146 1391 1343 1500 plurimas

305 1545 625 1654 significationes
640 1543 778 1624 habet.
794 1542 838 1624 Si
854 1545 1023 1624 verbum
1040 1546 1082 1624 in
1102 1545 1346 1632 latissimum

305 1729 469 1780 sensum
493 1699 804 1806 interpretaris„
818 1697 1106 1812 educationem
1128 1707 1256 1780 totam
1277 1698 1348 1780 de·

305 1855 453 1960 signat,
469 1853 664 1932 musicam
681 1860 722 1931 et
738 1853 1044 1960 gymnasticam.
1062 1851 1348 1962 (L‘eq.,11,672-

304 2006 416 2116 673.)
439 2005 563 2107 Quod
586 2006 681 2085 siin
702 2006 989 2101 arctissimum,
1008 2005 1156 2085 divisio
1180 2016 1243 2086 est
1262 2016 1348 2086 tane

305 2170 391 2240 tum
417 2159 693 2267 gymnasticae,
718 2158 834 2265 cujus
860 2187 955 2266 pars
980 2158 1059 2244 alia
1084 2159 1344 2267 peltasticen,

304 2311 647 2421 hoplomachiam‚
676 2311 988 2420 equitationem,
1024 2312 1229 2418 agminum
1264 2339 1349 2390 cas·

305 2476 545 2573 trorumque
579 2463 853 2573 disciplinam,
880 2462 1079 2572 quicquid
1110 2463 1162 2543 ad
1193 2463 1345 2542 bellum

161 2708 164 2716 ,
306 2627 479 2728 spectat,
502 2618 777 2732 amplectitur,
803 2618 895 2714 alia,
915 2619 992 2698 sub
1024 2618 1190 2698 nomine
1210 2629 1345 2725 χορείας,

305 2771 415 2852 idem
442 2779 506 2851 est
524 2780 646 2879 atque
664 2770 841 2850 saltatio.
867 2772 992 2878 (Leo,
1012 2798 1080 2867 vn,
1100 2770 1211 2879 795.)
1233 2769 1348 2849 lnten

307 2926 408 3006 duas
427 2925 516 3004 illas
532 2924 795 3004 definitiones
815 2923 992 3004 mediam
1012 2923 1350 3032 invenimusopi·

306 3079 486 3174 nionem,
523 3078 589 3157 cui
626 3077 919 3158 convenienter
953 3107 974 3157 e
1019 3078 1276 3186 gymnastico
1305 3087 1347 3156 et

306 3233 459 3312 musica
478 3230 598 3310 simul
625 3243 730 3339 χορεία
760 3231 929 3339 pendet.
953 3243 1068 3339 Χορεία
1085 3270 1121 3339 γε
1142 3237 1202 3338 μὴν
1220 3241 1349 3338 ὄρχησίς

304 3426 339 3469 τε
357 3399 412 3468 καὶ
426 3393 493 3485 ᾠδὴ
513 3399 550 3467 τὸ
573 3392 695 3477 {tuende
715 3402 809 3466 ἐστιν.
833 3387 955 3494 (ζεφ,
978 3413 1020 3481 11,
1043 3386 1156 3494 654.)

361 3539 470 3646 Ergo
489 3554 621 3647 χορεύειν
636 3547 801 3618 cantare
822 3545 865 3618 et
885 3537 1033 3618 saltare
1057 3539 1178 3618 simul
1196 3538 1350 3646 signifi-

307 3703 386 3773 eat.
417 3692 461 3772 Si
496 3693 683 3802 quaedam
717 3699 834 3774 erant
860 3692 1023 3772 musicae
1061 3720 1213 3799 genera
1255 3721 1345 3800 quae

308 3847 525 3927 saltatione
544 3855 747 3942 canerent,
766 3846 800 3926 si
814 3845 1060 3926 Aristoteles
1082 3851 1124 3926 et
1143 3844 1348 3925 Aristides

309 3999 587 4103 Quintilianus
617 3999 670 4080 ad
698 4007 792 4104 ψιλὴν
826 3998 1045 4108 quamdam
1082 4013 1209 4106 ὄρχησιν
1245 3997 1348 4077 allu-

309 4153 413 4234 dunt
448 4155 626 4256 (Puella,
653 4183 681 4250 1,
703 4183 750 4262 73
781 4154 901 4234 Arist.
931 4154 1108 4248 Quintil,
1139 4153 1346 4258 Menona,

309 4332 351 4412 p.
366 4304 533 4408 32),tale
546 4303 765 4384 discidium
778 4304 1031 4412 philosopho
1051 4304 1255 4411 ingratum
1267 4312 1344 4383 est.
1446 4298 1449 4304 ’

364 4458 454 4564 Erit
470 4458 597 4566 igitur
618 4458 781 4538 saltatio
802 4485 899 4566 pars
916 4486 1001 4538 non
1022 4457 1188 4536 minima
1204 4455 1350 4537 educa·
