3706 5686
634 772 684 827 DE
707 773 893 828 PLATONE
915 771 1077 827 musico.
1339 777 1368 828 n

332 952 496 1058 optimae
519 951 751 1058 rationique
773 952 944 1030 maxime
970 961 1255 1031 consentaneae
1277 954 1368 1032 vitae

332 1103 602 1182 imitationem
620 1091 849 1210 proponat'

386 1257 522 1356 Quum
545 1255 799 1362 AEsehylum,
826 1256 1090 1364 Sophoclem,
1110 1257 1364 1364 Euripidem,

334 1407 558 1499 Cratinum,
578 1395 784 1514 Eupolim,
802 1407 1120 1515 Aristophanem
1137 1408 1369 1516 ubicunque

333 1561 481 1640 llorere
515 1568 666 1667 praeter
689 1561 731 1637 in
763 1561 926 1639 civitate
957 1590 1030 1639 sua
1054 1561 1140 1640 vult
1166 1559 1369 1640 academi-

334 1742 419 1808 cuS,
441 1714 577 1820 poetis
602 1713 730 1820 epicis
745 1713 856 1792 haud
878 1714 1007 1793 multo
1029 1715 1156 1820 magis
1176 1715 1372 1793 confidet.

336 1865 384 1944 ld
406 1845 592 1944 Homero
613 1867 721 1944 inter
744 1865 846 1944 alios
868 1866 1027 1944 crimini
1048 1867 1172 1945 vertit
1189 1866 1303 1973 quod
1320 1865 1371 1945 de

333 2019 478 2098 inferis
502 2047 586 2098 non
608 2019 713 2098 bene
741 2020 795 2096 sit
823 2019 985 2098 locutus
1013 2029 1054 2098 et
1079 2019 1230 2098 talibus
1251 2020 1375 2098 linea·

334 2174 484 2253 mentis
496 2174 618 2252 vitam
635 2173 676 2250 in
691 2185 796 2276 νεκυίᾳ
808 2172 990 2252 habitam
1003 2171 1235 2280 depinxerit
1251 2182 1297 2254 ut
1311 2173 1371 2251 rel

333 2325 605 2404 strenuissimi
641 2325 818 2404 animum
853 2325 1030 2418 minuat,
1059 2324 1218 2431 gladios
1252 2325 1375 2404 saciat

331 2477 519 2572 hebeteS,
553 2476 731 2556 lacertos
761 2475 905 2554 molles
938 2485 1060 2583 atque
1095 2475 1370 2586 effeminatos.

330 2631 493 2709 Etenim
528 2629 708 2709 Achilles
745 2630 850 2737 ipse,
888 2631 922 2708 si
957 2630 1074 2737 optio
1110 2629 1293 2725 daretur,
1329 2659 1372 2709 se

331 2783 394 2862 his
424 2785 465 2860 in
495 2783 619 2861 terris
645 2782 796 2862 stabuli
829 2781 1043 2861 custodem
1070 2811 1158 2861 esse
1191 2812 1260 2861 scu
1291 2813 1375 2862 ser·
1473 2823 1475 2830 >

328 2965 422 3015 vum
443 2935 678 3042 ajumentis
706 2963 827 3042 quam
852 2963 991 3041 regem
1017 2935 1058 3012 in
1078 2935 1220 3014 inseris
1242 2935 1371 3042 proli-

330 3089 808 3195 teturantepositurum.
831 3089 981 3193 (Hesp,
1008 3116 1063 3181 ιιι,
1091 3088 1165 3194 387
1193 3097 1235 3166 et
1260 3087 1371 3196 sqq.)

331 3242 492 3320 Heroes
530 3241 745 3349 pristinam
790 3239 1071 3319 conditionem
1111 3239 1367 3335 desiderant,

329 3393 621 3487 lamentantur,
663 3391 763 3470 dant
799 3392 987 3471 lacrimas
1025 3393 1112 3472 sine
1147 3393 1248 3488 fine,
1281 3423 1370 3500 quae

330 3547 465 3626 omnia
494 3545 676 3624 mulieris
705 3553 813 3624 sunt.
835 3545 1039 3652 Tempore
1069 3545 1150 3624 alio
1188 3545 1246 3624 dii
1277 3574 1372 3651 gau-

331 3699 400 3780 dio
421 3701 619 3794 exultant,
636 3700 677 3777 in
698 3699 947 3778 hilaritatem
971 3697 1259 3792 effunduntur,
1288 3727 1370 3805 qua

329 3855 594 3933 erubesceret
625 3853 688 3930 vir
720 3853 884 3959 sapiens
918 3881 963 3930 ac
1005 3851 1232 3930 modestus.
1270 3851 1370 3932 Ubi-

329 4036 409 4115 que
453 4006 641 4101 avaritia,
687 4005 766 4094 ira,
805 4005 973 4099 saevitia,
1012 4004 1147 4100 doluS,
1185 4003 1366 4083 vindica-

329 4159 403 4256 tio,
431 4157 703 4252 mendacium,
736 4157 811 4236 sub
838 4157 1209 4237 illustrissimorum
1240 4157 1368 4235 nomi-

327 4340 424 4391 num
441 4312 672 4419 patrocinio
698 4309 938 4390 admiranda
960 4311 1182 4390 imitationi
1212 4318 1365 4388 nostrae

329 4465 576 4543 offeruntur.

1234 4607 1252 4660 2
