3706 5686
505 741 539 794 2⁸2
804 740 853 794 DE
877 739 1058 796 PLATONE
1083 739 1241 796 MUSICO.

505 911 574 1017 qui
594 939 769 1018 epopoea
785 909 943 989 exculta
959 911 1136 1016 ingenia,
1161 939 1250 1018 quae
1270 940 1399 990 scenae
1419 940 1541 1019 appa-

505 1072 595 1142 ratu
607 1091 688 1142 non
705 1063 905 1169 indigent,
925 1063 1158 1142 dramatieis
1177 1072 1310 1152 autem
1324 1064 1431 1143 ludis
1444 1065 1542 1143 mul-

505 1215 720 1294 titudinem
739 1215 933 1296 deleetari
947 1227 1195 1311 asseverant,
1212 1215 1436 1323 respondet
1456 1245 1543 1296 ver·

505 1367 617 1446 sibus
654 1369 870 1463 musicam,
904 1368 1157 1476 spectacula,
1191 1369 1423 1475 rhythmum
1459 1397 1541 1446 non

505 1548 628 1627 parva
648 1519 884 1626 adjumenta
909 1549 1013 1614 esse,
1040 1549 1173 1628 neque
1190 1529 1271 1600 tam
1289 1548 1432 1628 parum
1450 1549 1541 1626 ges-

506 1681 570 1750 tus
597 1701 685 1750 esse
712 1672 989 1768 aestimandos
1014 1701 1138 1780 quum
1163 1673 1202 1750 in
1229 1672 1365 1754 choris
1384 1673 1433 1751 ab
1461 1701 1543 1752 om·

423 1831 426 1838 '
505 1823 1543 1934 nibuslaudeutur,deniqueactionemapuddrama

505 1977 613 2084 cogi,
640 1976 896 2081 conglobari,
933 2005 1022 2084 quae
1050 1978 1160 2084 apud
1189 1979 1349 2086 epicum
1380 2006 1542 2056 earmen

504 2129 810 2224 disseminatur.
834 2127 963 2207 Immo
987 2137 1144 2208 tantum
1169 2130 1286 2209 abest
1311 2137 1354 2208 ut
1376 2129 1555 2237 AEschy-.

506 2281 603 2374 lum,
623 2279 922 2387 Sophoclemve
940 2309 961 2358 e
979 2281 1141 2360 civitate
1163 2282 1314 2388 ejiciat,
1335 2291 1380 2360 ut
1400 2291 1544 2360 contra

508 2431 743 2539 Euripidem
761 2432 894 2538 ipsum
911 2432 1080 2512 extollat
1095 2433 1192 2540 (xm,
1218 2433 1463 2541 10)pr0pter
1483 2433 1502 2510 s
1525 2443 1555 2492 -’

506 2584 692 2662 bularum
713 2583 858 2660 exitus.

891 2927 1156 3032 truoutm

561 3261 653 3340 Non
674 3262 820 3355 solum,
847 3270 892 3338 ut
913 3258 1155 3355 videbimus
1179 3288 1298 3338 omne
1323 3260 1543 3341 harmoniae

507 3413 732 3492 dominium
754 3413 872 3492 Plato
895 3412 1013 3507 obiit,
1035 3411 1108 3490 sed
1125 3421 1166 3491 et
1189 3411 1415 3518 disciplinae
1437 3413 1544 3490 illius

354 3603 355 3606 ¹
416 3619 423 3632 ,
487 3566 696 3646 'itasmes
725 3563 931 3644 delineare
962 3565 1131 3659 curavit,
1171 3564 1543 3670 uteujuslibet'de

445 3747 454 3788 a
508 3707 939 3796 Platdne‘marmonieo
961 3715 1087 3796 studii
1112 3717 1246 3824 capita
1268 3745 1316 3795 ex
1335 3717 1428 3823 ipso
1451 3718 1544 3796 Pla-

448 3911 452 3915 ·
506 3852 602 3948 tone
624 3867 821 3948 sumenda
840 3869 935 3947 sint.
960 3867 1070 3968 Quid
1088 3870 1195 3947 enim
1217 3897 1266 3947 eo
1283 3868 1376 3947 loeo
1396 3877 1461 3948 est
1481 3897 1545 3948 ex-

506 4013 713 4118 plicitius?
729 4013 912 4117 (Philet,
943 4011 1020 4116 17.)

556 4286 620 4353 Καὶ
640 4280 700 4378 μὴν
719 4284 774 4352 καὶ
797 4283 1033 4377 adgravemur&
1057 4285 1201 4379 τυγχάνει
1227 4296 1344 4374 ποιοῦν,
1372 4283 1458 4355 τοῦτ’
1483 4290 1546 4354 ἔστι

502 4437 632 4521 λταύτόν.
