3706 5686
606 783 655 838 DE
678 784 862 840 PLATONE
885 785 1046 841 MUSICO.
1312 789 1341 840 at

304 959 372 1053 lia,
385 957 707 1052 coloreavoces,
721 955 948 1062 rhythmos
965 959 1010 1062 (1,
1026 958 1083 1064 5.)
1097 959 1152 1036 Ut
1165 958 1215 1036 de
1228 961 1344 1065 poesi

307 1111 395 1189 sola
412 1110 643 1216 loquamur,
667 1103 769 1214 epos
793 1137 934 1188 versus
955 1108 1126 1188 adhibet
1147 1111 1234 1189 sine
1258 1140 1346 1188 rnu-

306 1263 404 1358 sica,
427 1261 470 1340 id
487 1271 550 1340 est
566 1270 718 1354 metra;
740 1260 880 1340 drama
896 1271 1046 1357 autem,
1066 1290 1212 1341 nomos
1229 1274 1270 1342 et
1290 1264 1348 1342 di-

307 1406 738 1524 thyrambus'utuntur
759 1414 915 1508 metriS,
940 1414 1156 1521 rhythmis,
1177 1417 1344 1495 musica.

308 1569 427 1648 Plato
444 1567 663 1646 imitationi
680 1566 781 1646 duas
795 1566 1055 1646 conditiones
1072 1570 1266 1674 assignat,
1284 1598 1349 1648 vc-

306 1725 468 1802 ritatem
498 1709 950 1830 pulchritudinemque3
983 1721 1207 1802 secundum
1238 1724 1349 1801 Aris-

307 1877 475 1957 totelem
510 1879 566 1984 (n,
594 1877 650 1983 Δ),
685 1885 826 1983 potest
854 1861 1028 1955 imitatio
1061 1875 1214 1984 duplex
1241 1906 1345 1972 esse,

307 2062 380 2111 seu
402 2033 444 2109 in
475 2017 634 2126 melius,
667 2016 739 2109 seu
767 2031 810 2110 in
837 2032 956 2138 pejus
982 2032 1140 2138 effigies
1166 2033 1344 2112 aberret.

308 2185 466 2265 Prioris
495 2186 636 2264 classis
667 2194 762 2264 sunt
788 2213 905 2291 epOS,
939 2185 1155 2290 tragoedia,
1176 2169 1345 2280 nomos,

309 2337 612 2446 dithyramhus;
633 2323 895 2444 posterioria,
915 2339 1132 2434 comoedia,
1152 2340 1348 2418 satiricon

311 2492 475 2586 drama,
514 2501 594 2596 etc.
628 2489 782 2569 Eadem
817 2491 940 2570 etiam
969 2520 1165 2597 generum
1199 2492 1346 2572 divisio

309 2645 490 2725 occurrit
523 2643 609 2752 (in),
641 2671 787 2749 nempe
828 2643 975 2721 horum
1007 2644 1079 2722 ubi
1113 2653 1239 2750 poeta
1274 2629 1349 2723 'no-

307 2799 414 2877 mine
435 2825 527 2892 suo,
546 2806 669 2904 atque
692 2797 840 2876 horum
862 2799 932 2876 ubi
956 2799 1120 2876 nomine
1140 2799 1274 2877 alieno
1293 2799 1349 2877 Ιο-

307 2952 461 3060 quitur.
493 2950 608 3028 Inter
629 2951 766 3028 omnia
787 2949 838 3028 de
863 2949 1027 3063 duobus
1054 2959 1212 3030 tantum
1237 2952 1348 3058 apud

304 3103 571 3184 Aristotelem
599 3103 748 3209 agitur,
778 3103 897 3209 cpieo
924 3104 1102 3182 carmine
1127 3112 1169 3182 et
1187 3103 1347 3183 drama·

306 3259 405 3353 tico,
439 3259 526 3336 sine
558 3257 686 3336 dubio
722 3257 819 3364 quia
852 3266 1041 3335 truncum
1076 3258 1346 3366 mutilumque

305 3439 410 3518 opus
425 3409 638 3488 habemus.
664 3408 758 3509 Quo
775 3409 896 3488 ambo
916 3439 1068 3516 genera
1085 3411 1194 3489 inter
1212 3439 1254 3488 se
1273 3410 1348 3489 dis-

305 3564 453 3648 serant.
477 3594 567 3673 quae
584 3566 667 3644 sint
684 3565 883 3672 cujusque
905 3575 1128 3673 praecepta,
1153 3594 1243 3672 quae
1265 3594 1348 3643 mu-

305 3747 418 3812 nera,
445 3717 653 3824 Stagyrita
670 3717 723 3826 (v,
744 3718 783 3823 6)
799 3727 989 3797 accurate
1005 3718 1243 3825 perpendit,
1268 3719 1347 3796 hoc

306 3871 471 3949 Platoni
490 3880 690 3976 praestans
710 3869 824 3978 quod
848 3898 934 3948 rem
958 3871 1089 3976 ipsam
1110 3871 1260 3950 evolvit
1282 3899 1350 3948 ne-

305 4052 385 4130 que
411 4022 462 4101 ad
494 4022 536 4101 id
562 4031 722 4130 spectat
749 4033 794 4102 ut
820 4031 950 4102 artem
976 4023 1028 4102 ad
1058 4024 1198 4102 nescio
1227 4051 1348 4130 qnam

306 4185 598 4284 praesumptam
618 4205 663 4255 ac
681 4175 991 4283 praejudicatam
1012 4175 1270 4282 disciplinam
1288 4205 1350 4255 ac-

307 4329 556 4409 commodet.
587 4331 784 4436 Ergonil
817 4331 963 4408 mirum
995 4329 1108 4437 quod
1139 4329 1349 4436 tragoedia

313 4482 607 4590 comoediaeque
631 4511 880 4590 magnopere
907 4483 1052 4562 faveat.
1081 4482 1147 4589 (vr,
1177 4481 1347 4590 18.)1is,
