3706 5686
484 756 517 810 32
782 755 831 810 DE
855 753 1041 812 alarona
1065 755 1226 810 musmo,

484 927 539 993 καὶ
563 929 768 1021 σμικρότατον
787 925 862 996 εἶναι
883 940 975 998 τοῦτο
995 921 1211 1024 διαστημα,ᾧ
1241 933 1420 1022 ματρητέον,
1445 927 1523 998 αἰδὲ

483 1075 750 1174 ἀμφισῧητοῦντες
769 1089 810 1160 ὡς
828 1087 929 1176 ὅμοιον
947 1074 1012 1160 ἤδη
1031 1083 1247 1178 φθεγγομένων,
1274 1084 1438 1179 ἀμφότεροι
1457 1083 1524 1152 ὦτα

483 1243 539 1301 τοῦ
553 1244 604 1302 νοῦ
624 1233 912 1330 προστησάμενοι...

483 1441 488 1456 .
532 1386 577 1452 Σὺ
599 1387 650 1480 μὲν
665 1389 737 1466 τοὺς
752 1389 903 1482 χρηστοὺς
920 1392 1018 1483 λέγεις
1037 1390 1109 1466 τοὺς
1128 1397 1196 1466 ταῖς
1209 1381 1336 1482 χορδαῖς
1350 1396 1522 1487 πράγματα

483 1541 676 1634 παρέχοντας
695 1549 749 1607 καί
770 1535 992 1628 βασανίζοντας
1014 1541 1063 1610 ἐπὶ
1082 1552 1143 1609 τῶν
1162 1542 1323 1610 κολλόπων
1338 1540 1523 1637 στρεὸλοῢν·

484 1717 553 1770 τας·
572 1686 664 1759 ἴναδὲ
684 1687 726 1786 μὴ
744 1695 947 1788 μακροτέραή
966 1694 1054 1762 εἰκὼν
1063 1693 1208 1789 γίγνηται
1222 1698 1375 1788 πλήκτρῳ
1388 1722 1421 1764 τε
1435 1703 1522 1772 πλη-

481 1853 542 1940 γῶν
567 1848 750 1940 γιγνομένων
774 1844 828 1912 καὶ
856 1844 1046 1940 κατηγορίας
1080 1846 1147 1939 πέρι
1176 1852 1231 1912 καὶ
1259 1839 1441 1939 ἐξαρνήσεως
1468 1847 1522 1914 καὶ

483 1990 661 2076 ἀλαζονείας
679 1988 815 2092 χορδῶν,
838 1999 980 2092 παύομαι
998 2005 1057 2076 τῆς
1075 1997 1197 2076 εἰκόνος.

534 2136 591 2214 Ex
606 2135 735 2215 altera
751 2146 867 2244 parte
880 2138 964 2244 jam
981 2147 1167 2244 {empore
1183 2166 1265 2244 quo
1285 2137 1404 2216 Plato
1421 2138 1521 2216 scri·

482 2287 622 2384 habat,
653 2289 899 2368 Tarentinus
925 2288 1142 2396 ArchytaS‚
1166 2299 1208 2368 et
1229 2297 1375 2396 postea
1389 2289 1521 2368 omnis

481 2441 772 2520 canonicorum
785 2441 951 2537 familia,
974 2440 1189 2548 DidymuS‚
1209 2441 1518 2536 EratostheneS‚

483 2592 730 2672 Ptolemaeus
759 2621 927 2701 operam
951 2622 973 2672 a
996 2593 1139 2701 primis
1163 2593 1429 2700 pythagoreis
1460 2593 1521 2670 in-

482 2754 704 2826 stauratam
724 2747 923 2854 perlicere
941 2747 1122 2854 aggressi
1138 2755 1246 2838 sunt,
1262 2746 1419 2825 scilicet
1435 2775 1521 2825 om-

478 2897 546 2976 nia
576 2899 787 2978 intervalla
825 2897 990 2978 calculis
1033 2875 1322 2978 determinare.
1362 2895 1519 2976 Ordine

478 3050 640 3129 tertiam
663 3051 860 3158 majorem
881 3061 1177 3132 consonantem
1199 3049 1326 3158 (425),
1356 3049 1520 3128 tertiam

479 3201 679 3282 minorem
709 3203 936 3282 naturalem
965 3202 1093 3310 (5:6),
1123 3202 1286 3280 tertiam
1315 3201 1520 3280 minimam

480 3352 515 3462 (7
532 3354 606 3462 :6),
621 3364 761 3436 tonum
774 3357 972 3436 minorem
984 3355 1042 3464 (9:
1062 3356 1137 3462 10),
1149 3363 1292 3435 tonum
1303 3354 1520 3432 maximum

479 3506 516 3616 (7
533 3508 610 3614 28),
628 3508 897 3588 hemitonium
916 3509 1045 3616 majus
1070 3507 1135 3616 (15
1156 3537 1163 3585 :
1191 3509 1268 3612 16),
1289 3505 1434 3586 diesim
1455 3533 1523 3584 en·

478 3659 757 3739 harmonicam
780 3661 845 3768 (45
860 3661 960 3768 zati),
985 3670 1076 3754 etc,
1106 3668 1201 3738 sunt
1223 3657 1355 3738 metiti
1385 3657 1523 3736 nobis-

479 3840 558 3920 que
589 3811 784 3924 lormulas
817 3812 998 3904 omnium
1028 3840 1224 3919 generum
1253 3811 1520 3917 colorumque

479 3963 698 4058 dederunt,
731 3964 814 4044 sive
849 3963 957 4071 (vide
989 3965 1270 4059 Ptolemaeum,
1305 3965 1463 4058 Hatra,
1492 3990 1518 4056 1,

485 4119 544 4212 15,
574 4117 633 4226 16)
651 4147 673 4227 :3
