3706 5686
635 779 686 833 DE
710 777 893 834 PLATONE
915 777 1077 833 noslco.
1343 781 1374 833 51

394 949 507 1027 'falia
528 958 646 1028 erant
669 949 906 1030 Graecorum
926 962 1040 1057 ὄργανα
1057 949 1211 1056 'quibus
1233 949 1378 1027 musici

340 1103 576 1182 utebantur.
612 1102 773 1198 Cetera,
811 1111 1016 1210 tympana,
1046 1102 1247 1210 cymbala,
1279 1110 1377 1198 etc,

340 1256 702 1337 comissationibus
718 1255 1134 1364 bacchanalibusque,
1160 1256 1253 1336 litui
1273 1270 1382 1364 proe-

341 1410 405 1488 liis
425 1411 731 1519 relinquuntur.

395 1563 510 1642 Inter
531 1592 689 1672 eaquae
707 1563 851 1641 musici
876 1562 1083 1670 accipiunt
1104 1562 1234 1641 Plato
1250 1561 1383 1642 delec-

340 1727 426 1796 tum
460 1717 599 1796 habet.
632 1716 786 1796 Omnes
819 1728 909 1796 αὐλοί
934 1724 1201 1823 respuuntur,
1229 1716 1382 1822 agresti

342 1872 505 1979 syringe
531 1870 763 1980 (slaqeolett)
790 1879 975 1978 excepta,
1000 1870 1097 1978 quia
1117 1899 1213 1949 sane
1239 1897 1382 1948 nume-

343 2030 522 2109 rosiores
550 2029 784 2108 harmonias
805 2030 1052 2137 permittunt
1082 2037 1124 2108 et
1148 2034 1384 2120 διοσταλτοιοῑς

341 2183 558 2290 indulgent
582 2183 799 2291 rhythmis,
823 2185 921 2292 quia
945 2184 1068 2262 etiam
1097 2183 1260 2290 longius
1285 2183 1385 2263 tiro·

342 2335 493 2414 oinium
518 2335 687 2441 exigunt
712 2363 833 2444 quam
861 2334 975 2443 quod
1005 2335 1136 2414 virum
1161 2335 1383 2442 ingenuum

342 2487 475 2569 decet.
504 2488 648 2598 (Hesp,
674 2519 731 2584 ιιι,
760 2490 858 2597 399;
894 2491 1067 2585 Convin,
1092 2490 1192 2584 2153
1221 2491 1384 2568 Plutar-

341 2645 447 2736 clnn,
478 2643 524 2721 dc
551 2641 714 2736 Musica,
742 2670 833 2748 cap.
863 2671 983 2736 xx1x3
1021 2643 1154 2747 Leqes,
1187 2671 1254 2737 vn,
1289 2643 1386 2748 809-

342 2793 453 2902 8ιο.)
481 2793 634 2873 Confer
662 2794 930 2873 Aristotelem
961 2794 1082 2902 (Pol,
1117 2823 1198 2890 v111,
1217 2823 1309 2902 cap.
1332 2794 1385 2901 vr)

342 2963 426 3030 Οὔτε
443 2960 503 3056 γὰρ
529 2959 643 3040 αὐλοὺς
670 2962 710 3039 εἰς
733 2953 874 3028 παίδειον
893 2960 1005 3028 ἀκτέον
1022 2962 1089 3028 οὔτ’
1111 2959 1191 3029 ἄλλο
1215 2962 1386 3056 τεχνικὸν

342 3115 481 3211 ὄργανον,
503 3111 565 3182 οἷον
584 3114 759 3208 κιθάραν...
782 3116 858 3182 Ἔτι
880 3106 910 3180 δ’
937 3113 993 3182 οὒκ
1018 3117 1097 3182 ἔστιν
1123 3121 1140 3182 ὁ
1164 3116 1258 3192 αὐλὸς
1279 3112 1385 3190 Ιἠθικὸν

343 3267 430 3334 ἀλλὰ
450 3272 571 3360 μᾶλλον
590 3271 833 3362 ὀργιαστικόν...

396 3408 458 3487 De
477 3413 609 3514 χορδαῖς
629 3409 743 3515 ejicit
759 3413 917 3500 πηκτίδας
935 3418 977 3488 et
996 3426 1144 3516 τρῖγώνοι,
1158 3437 1208 3487 ex
1224 3409 1323 3487 Asia
1342 3407 1385 3486 in

345 3559 520 3639 Hellada
543 3559 685 3656 allata,
710 3590 801 3669 quae
826 3560 968 3641 fidium
995 3590 1166 3642 numero
1190 3571 1384 3641 tonorum

270 3774 272 3778 -
344 3713 645 3822 modorumque
671 3723 865 3821 μταὸολαῖς
884 3723 1002 3794 erant
1022 3715 1248 3822 aptissima.
1273 3714 1385 3817 Quid

252 3969 256 3976 Ι
343 3893 449 3974 opus
472 3865 581 3944 enim
605 3865 781 3972 epigone
802 3895 894 3945 cum
916 3866 1186 3974 quadraginta
1210 3867 1386 3947 fidibus?

340 4017 456 4118 'Quid
481 4017 644 4097 simikio
667 4047 759 4098 cum
780 4020 962 4128 quinque
981 4030 1023 4100 et
1048 4021 1231 4128 triginta,
1259 4050 1385 4130 quum

344 4179 428 4250 tres
448 4171 562 4251 modi
584 4182 741 4252 tantum
761 4173 1056 4254 admittantur?
1073 4173 1182 4254 Satis
1203 4183 1267 4256 est
1285 4175 1387 4254 anti·

345 4353 429 4432 quo
453 4325 739 4433 heptachordo
767 4326 820 4406 ad
850 4325 1035 4408 doricum
1053 4328 1298 4437 aeoliumque
1324 4358 1387 4408 so·

344 4477 539 4575 nandum,
555 4479 862 4575 enneachordo,
881 4481 913 4559 si
929 4481 1147 4590 phrygium
1163 4481 1322 4589 adjicis.
1335 4481 1388 4562 Et
