3706 5686
620 811 670 866 DE
694 809 876 866 PLATONE
899 811 1060 867 MUSICO.
1326 812 1360 864 23

372 1026 422 1037 —
444 989 539 1074 Πῶς;

372 1181 420 1190 -
433 1135 531 1216 Φωνὴ
552 1141 604 1234 μέν
629 1167 688 1208 που
712 1141 823 1207 καὶτὸ
851 1141 924 1207 κατ’
951 1144 1066 1216 ἐκείνην
1088 1135 1146 1216 τὴν
1164 1141 1274 1234 τέχνην
1298 1141 1363 1207 ἐστὶ

325 1291 381 1386 μία
400 1297 429 1360 ἐν
448 1291 543 1384 αόιῂ.

374 1477 422 1494 -
448 1445 540 1512 Ἀλλ’
560 1445 645 1510 οὔπω
664 1445 756 1537 σορός
775 1441 811 1510 ἂν
830 1450 892 1522 εἴης
911 1439 968 1520 τὴν
984 1438 1133 1537 μουσικὴν
1152 1435 1240 1522 εἰθὼς
1260 1453 1364 1511 ταῦτα

328 1599 417 1691 μόνα·
431 1591 474 1690 μὴ
486 1589 517 1663 θ’
527 1589 627 1678 εἰθὼς,
637 1601 678 1675 ὥς
688 1598 719 1693 γ’
729 1599 799 1675 ἔπος
808 1600 912 1682 εἰπεῖν,
923 1598 962 1676 εἰς
971 1599 1063 1665 ταῦτ’
1073 1589 1192 1676 οόθενός
1202 1591 1283 1676 ἄξιος
1294 1599 1364 1670 ἔσει.

375 1789 423 1799 -
442 1749 489 1816 Οό
508 1749 568 1844 γὰρ
587 1747 651 1818 οὖν.

375 1943 423 1953 -
449 1899 555 1989 Ἀλλ’,
590 1899 617 1968 ὦ
646 1903 728 1996 ρῦιε,
755 1895 881 1970 ἐπειδὰν
906 1899 1009 1995 λάθῃς
1043 1902 1085 1971 τὰ
1119 1895 1139 1970 θ
1146 1905 1255 1980 ιαστή
1264 1929 1367 1997 ματα
1393 1916 1397 1920 “

327 2047 425 2113 ὁπόσα
443 2050 508 2113 ἐστὶ
525 2048 578 2114 τόν
597 2046 721 2139 ἀριθμόν
738 2055 797 2154 τῆς
814 2057 913 2140 φωνῆς
930 2041 1079 2125 ὀξύτητός
1092 2073 1126 2114 τε
1144 2049 1212 2142 πέρι
1230 2048 1285 2115 καὶ
1304 2052 1366 2134 βα-

328 2201 457 2292 ρύτητος
475 2200 537 2266 ’καὶ
565 2206 671 2287 ὁποῖα,
692 2199 747 2266 καὶ
765 2201 837 2278 τοὺς
859 2201 947 2293 όροος
971 2210 1033 2266 τῶν
1051 2192 1289 2304 θιαστομρὶτων,
1312 2207 1367 2268 καὶ

327 2350 370 2418 τὰ
388 2351 422 2418 ἐκ
440 2354 557 2419 τούτων
581 2356 639 2419 ὅσα
662 2354 884 2446 συστήματα
901 2355 1031 2448 γέγονεν,
1056 2350 1076 2419 ἂ
1099 2341 1323 2432 καταθιθόντες
1341 2363 1370 2422 οἱ

329 2504 453 2597 πρόσθεν
470 2498 643 2597 παρέδοσαν
663 2508 738 2597 ἡμῖν
756 2512 820 2582 τοῖς
838 2507 992 2598 ἑπομένοις
1011 2505 1133 2585 ἐκείνοις
1156 2513 1262 2573 καλεῖν
1285 2505 1368 2573 αὐτὰ

330 2659 489 2750 ἁρμονίας,
511 2659 541 2724 ἔν
559 2683 593 2726 τε
609 2665 678 2734 ταῖς
691 2660 842 2733 κινήσεσιν
855 2655 894 2725 αὖ
907 2669 963 2726 τοῦ
977 2662 1120 2752 σώματος
1139 2662 1228 2752 ἔτερα
1246 2661 1367 2726 τοιαῦτ’

329 2809 433 2878 ἐνόντα
451 2811 536 2886 πάθη
559 2812 732 2906 γιγνόμενα,
760 2802 839 2886 ἂθὴ
867 2802 909 2877 θι’
935 2812 1068 2904 ἀριθμῶν
1095 2813 1283 2904 μετρηθόντα
1307 2803 1370 2879 θεῖν

330 2959 370 3028 αὖ
390 2987 464 3054 ρασι
484 2964 636 3055 ῥυθμοὺς
653 2970 709 3030 καὶ
726 2967 839 3056 μέτρα
858 2958 1097 3056 ἐπονομάζειν...

386 3289 600 3380 Διαστήμασι,
639 3289 827 3380 σοστήμασι,
873 3290 1042 3382 ἁρμονίαις,
1075 3291 1194 3382 ῥυθμοῖς
1230 3276 1373 3383 adjicit

335 3430 549 3510 Alcibiades
574 3427 592 3504 Ῑ
621 3426 729 3532 (108)
755 3441 791 3506 τό
830 3431 914 3530 ᾅθειν
935 3437 1031 3506 θθτό
1056 3435 1231 3534 κιθαριῖειν,
1263 3429 1373 3506 8οἰΙί-

336 3589 403 3660 cet
434 3607 556 3658 voces
596 3587 637 3658 et
669 3579 955 3673 instrum-enta,
989 3589 1112 3687 atque
1142 3583 1199 3658 ila
1226 3580 1373 3660 divisio

340 3740 491 3841 praeslo
517 3740 580 3810 est
597 3745 686 3840 quae
705 3731 900 3810 musicam
921 3739 1049 3810 totam
1071 3733 1344 3839 amplectitur.
